%% This BibTeX bibliography file was created using BibDesk.
%% http://bibdesk.sourceforge.net/

%% Created for Dennis Dosso at 2019-10-03 16:33:26 -0400 


%% Saved with string encoding Unicode (UTF-8) 


@article{RauberEtAl2016,
	Author = {Rauber, A. and Ari, A. and van Uytvanck, D. and Pr{\"{o}}ll, S.},
	Date-Added = {2016-05-03 09:47:26 +0000},
	Date-Modified = {2016-05-17 09:14:01 +0000},
	Journal = {{Bulletin of IEEE Technical Committee on Digital Libraries, Special Issue on Data Citation}},
	Month = {May},
	Number = {1},
	Pages = {6--15},
	Title = {{Identification of Reproducible Subsets for Data Citation, Sharing and Re-Use}},
	Volume = {12},
	Year = {2016}}

@article{AbadiEtAl2020,
author = {Abadi, Daniel and Ailamaki, Anastasia and Andersen, David and Bailis, Peter and Balazinska, Magdalena and Bernstein, Philip and Boncz, Peter and Chaudhuri, Surajit and Cheung, Alvin and Doan, AnHai and Dong, Luna and Franklin, Michael J. and Freire, Juliana and Halevy, Alon and Hellerstein, Joseph M. and Idreos, Stratos and Kossmann, Donald and Kraska, Tim and Krishnamurthy, Sailesh and Markl, Volker and Melnik, Sergey and Milo, Tova and Mohan, C. and Neumann, Thomas and Chin Ooi, Beng and Ozcan, Fatma and Patel, Jignesh and Pavlo, Andrew and Popa, Raluca and Ramakrishnan, Raghu and R\'{e}, Christopher and Stonebraker, Michael and Suciu, Dan},
title = {The Seattle Report on Database Research},
year = {2020},
issue_date = {February 2020},
publisher = {ACM Press},
address = {New York, NY, USA},
volume = {48},
number = {4},
issn = {0163-5808},
url = {https://doi.org/10.1145/3385658.3385668},
doi = {10.1145/3385658.3385668},
journal = {SIGMOD Rec.},
pages = {44--53}
}




@article{ZwolfEtAl2016,
	Author = {Zw{\"{o}}lf, C. M. and Moreau, N. and Dubernet, M.-L.},
	Date-Added = {2016-09-20 16:36:51 +0000},
	Date-Modified = {2016-09-20 16:38:41 +0000},
	Journal = {{Journal of Molecular Spectroscopy}},
	Pages = {122--137},
	Title = {{New Model for Datasets Citation and Extraction Reproducibility in VADMC}},
	Volume = {327},
	Year = {2016}}


@article{Peters2016,
	Author = {Peters, I. and Kraker, P. and Lex, E. and Gumpenberger, C. and Gorraiz, J.},
	Date-Added = {2016-11-08 14:37:19 +0000},
	Date-Modified = {2016-11-08 14:37:29 +0000},
	Journal = {Scientometrics},
	Number = {2},
	Pages = {723--744},
	Title = {{Research data explored: An extended analysis of citations and altmetrics}},
	Volume = {107},
	Year = {2016}}


@article{SieberTrumbo1995,
	Author = {Sieber, J. E. and Trumbo, B. E.},
	Date-Added = {2016-11-21 11:08:04 +0000},
	Date-Modified = {2016-11-21 11:08:58 +0000},
	Journal = {{Science and Engineering Ethics}},
	Keywords = {data citation},
	Month = {March},
	Number = {1},
	Pages = {11--20},
	Title = {{(Not) giving credit where credit is due: Citation of data sets}},
	Volume = {1},
	Year = {1995}}


@article{Belter2014,
	Author = {Belter, C. W.},
	Date-Added = {2016-10-10 17:23:04 +0000},
	Date-Modified = {2016-10-10 17:23:38 +0000},
	Journal = {{PLoS ONE}},
	Number = {3},
	Pages = {e92590},
	Title = {{Measuring the Value of Research Data: A Citation Analysis of Oceanographic Data Sets}},
	Volume = {9},
	Year = {2014}}


@article{CallaghanDPTCKABBLLMHSWW12,
	Author = {Callaghan, S. and Donegan, S. and Pepler, S. and Thorley, M. and Cunningham, N. and Kirsch, P. and Ault, L. and Bell, P. and Bowie, R. and Leadbetter, A. M. and Lowry, R. K. and Moncoiff{\'{e}}, G. and Harrison, K. and Smith{-}Haddon, B. and Weatherby, a. and Wright, D.},
	Bibsource = {dblp computer science bibliography, http://dblp.org},
	Biburl = {http://dblp.uni-trier.de/rec/bib/journals/ijdc/CallaghanDPTCKABBLLMHSWW12},
	Date-Added = {2016-01-29 12:07:36 +0000},
	Date-Modified = {2016-01-29 12:09:20 +0000},
	Doi = {10.2218/ijdc.v7i1.218},
	Journal = {{International Journal of Digital Curation}},
	Number = {1},
	Pages = {107--113},
	Timestamp = {Thu, 07 Aug 2014 10:10:55 +0200},
	Title = {{Making Data a First Class Scientific Output: Data Citation and Publication by NERC's Environmental Data Centres}},
	Url = {http://dx.doi.org/10.2218/ijdc.v7i1.218},
	Volume = {7},
	Year = {2012},
	Bdsk-Url-1 = {http://dx.doi.org/10.2218/ijdc.v7i1.218}}

@incollection{Borgman2016,
	Author = {Borgman, C. L.},
	Booktitle = {{Theories of Informetrics and Scholarly Communication}},
	Date-Added = {2019-11-07 15:17:10 +0100},
	Date-Modified = {2019-11-07 15:21:56 +0100},
	Editor = {Sugimoto, C. R.},
	Pages = {93--116},
	Publisher = {De Gruyter Mouton},
	Title = {{Data Citation as a Bibliometric Oxymoron}},
	Year = {2016}}


@inproceedings{Spengler2012,
	Author = {Spengler, S.},
	Booktitle = {{Report from Developing Data Attribution and Citation Practices and Standards: An International Symposium and Workshop}},
	Date-Added = {2016-11-18 11:12:41 +0000},
	Date-Modified = {2016-11-18 11:13:20 +0000},
	Editor = {National Academy of Sciences' Board on Research Data and Information},
	Pages = {177--178},
	Publisher = {National Academies Press: Washington DC},
	Title = {{Data Citation and Attribution: A Funder's Perspective}},
	Year = {2012}}

@article{GarfieldWelljams1992,
	Author = {{Garfield, E. and Welljams-Dorof, A.}},
	Date-Added = {2016-11-20 13:38:25 +0000},
	Date-Modified = {2016-11-20 13:39:17 +0000},
	Journal = {{Science and Public Policy}},
	Number = {5},
	Pages = {321--327},
	Title = {{Citation data: their use as quantitative indicators for science and technology evaluation and policy-making}},
	Volume = {19},
	Year = {1992}}


@article{LawrenceEtAl2011,
	Author = {Lawrence, B. and Jones, C. and Matthews, B. and Pepler, S. and Callaghan, S.},
	Date-Added = {2015-12-16 12:39:53 +0000},
	Date-Modified = {2015-12-16 12:41:16 +0000},
	Journal = {{International Journal of Digital Curation}},
	Number = {2},
	Pages = {4--37},
	Title = {{Citation and Peer Review of Data: Moving Towards Formal Data Publication}},
	Volume = {6},
	Year = {2011}}

@article{AltmanEtAl2015,
	Author = {Altman, M. and Borgman, C. L. and Crosas, M. and Martone, M.},
	Date-Added = {2016-11-17 16:07:44 +0000},
	Date-Modified = {2016-11-17 16:08:45 +0000},
	Journal = {{Bulletin of the Association for Information Science and Technology}},
	Number = {3},
	Pages = {43--45},
	Title = {{An Introduction to the Joint Principles for Data Citation}},
	Volume = {41},
	Year = {2015}}


@inproceedings{BunemanCTV08,
	Author = {Buneman, P. and Cheney, J. and Tan, W.-C. and Vansummeren, S.},
	Date-Added = {2020-03-20 22:13:22 +0100},
	Date-Modified = {2020-03-20 22:15:27 +0100},
	Doi = {10.1145/1376916.1376918},
	Pages = {1--12},
	Timestamp = {Wed, 14 Nov 2018 10:59:30 +0100},
	Title = {{Curated Databases}},
	Url = {https://doi.org/10.1145/1376916.1376918},
	Year = {2008},
	Bdsk-Url-1 = {https://doi.org/10.1145/1376916.1376918},
	Bibsource = {dblp computer science bibliography, https://dblp.org},
	Biburl = {https://dblp.org/rec/conf/pods/BunemanCTV08.bib},
	Booktitle = {{Proc. of the 27th {ACM} {SIGMOD-SIGACT-SIGART} Symposium on Principles of Database Systems, {PODS} 2008}}
	}



@article{macdonald2012puppy,
	Author = {Macdonald, C. and McCreadie, R. and Santos, R. L. T. and Ounis, I.},
	Date-Added = {2016-04-22 14:32:03 +0000},
	Date-Modified = {2016-04-22 14:32:03 +0000},
	Journal = {Proc. of OSIR at SIGIR},
	Pages = {60--63},
	Title = {{From Puppy to Maturity: Experiences in Developing Terrier}},
	Year = {2012}}

@article{Arnaout2018,
	Author = {Arnaout, H. and Elbassuoni, S.},
	Journal = {Journal of Web Semantics},
	Pages = {66--84},
	Title = {Effective searching of RDF knowledge graphs},
	Volume = {48},
	Year = {2018}}

@inproceedings{PoundMZ10,
	Author = {Pound, J. and Mika, P. and Zaragoza, H.},
	Booktitle = {Proc. of the 19th International Conference on World Wide Web, {WWW} 2010},
	Pages = {771--780},
	Publisher = {{ACM Press, New York, USA}},
	Title = {Ad-hoc Object Retrieval in the Web of Data},
	Year = {2010}}

@article{KoplikuPB14,
	Author = {Kopliku, A. and Pinel{-}Sauvagnat, K. and Boughanem, M.},
	Journal = {{ACM} Comput. Surv.},
	Number = {3},
	Pages = {41:1--41:31},
	Title = {Aggregated search: {A} new information retrieval paradigm},
	Volume = {46},
	Year = {2014}}
	

@inproceedings{zou2014natural,
  title={Natural language question answering over RDF: a graph data driven approach},
  author={Zou, L. and Huang, R. and Wang, H. and Yu, J. X. and He, W. and Zhao, D.},
  booktitle={Proceedings of the 2014 ACM SIGMOD international conference on Management of data},
  pages={313--324},
  year={2014}
}


@inproceedings{Wu13,
	Author = {Wu, W.},
	Booktitle = {Proc. of the Joint 2013 {EDBT/ICDT} Conferences},
	Pages = {143--148},
	Publisher = {{ACM Press, New York, USA}},
	Title = {{Proactive Natural Language Search Engine: Tapping into Structured Data on the Web}},
	Year = {2013}
	}

@inproceedings{Hristidis2003,
	Author = {Hristidis, V. and Gravano, L. and Papakonstantinou, Y.},
	Booktitle = {Proc. of the 29th International Conference on Very Large Data Bases - Volume 29},
	Pages = {850--861},
	Publisher = {VLDB Endowment},
	Series = {VLDB 2003},
	Title = {{Efficient IR-style Keyword Search over Relational Databases}},
	Year = {2003}}

@inproceedings{SuW05,
	Author = {Su, Q. and Widom, J.},
	Booktitle = {Proc. of the 9th International Database Engineering and Applications Symposium {(IDEAS} 2005)},
	Pages = {297--306},
	Publisher = {{IEEE} Computer Society},
	Title = {{Indexing Relational Database Content Offline for Efficient Keyword-Based Search}},
	Year = {2005}}

@article{FengLW11,
	Author = {Feng, J. and Li, G. and Wang, J.},
	Bibsource = {dblp computer science bibliography, https://dblp.org},
	Biburl = {https://dblp.org/rec/bib/journals/tkde/FengLW11},
	Date-Added = {2018-10-19 20:46:50 +0200},
	Date-Modified = {2018-10-19 20:47:11 +0200},
	Journal = {{IEEE} Trans. Knowl. Data Eng.},
	Number = {12},
	Pages = {1781--1794},
	Timestamp = {Fri, 10 Nov 2017 10:17:06 +0100},
	Title = {Finding Top-k Answers in Keyword Search over Relational Databases Using Tuple Units},
	Volume = {23},
	Year = {2011},
	Bdsk-Url-1 = {https://doi.org/10.1109/TKDE.2011.61}}

@article{HuDYY18,
	Author = {Hu, X. and Dang, D. and Yao, Y. and Ye, L.},
	Journal = {Inf. Sci.},
	Pages = {363--381},
	Title = {Natural language aggregate query over {RDF} data},
	Volume = {454-455},
	Year = {2018}}

@article{BlunschiJKMS12,
	Author = {Blunschi, L. and Jossen, C. and Kossmann, D. and Mori, M. and Stockinger, K.},
	Date-Added = {2018-10-19 14:10:00 +0200},
	Date-Modified = {2018-10-19 14:10:31 +0200},
	Journal = {{PVLDB}},
	Number = {10},
	Pages = {932--943},
	Title = {{SODA:} Generating {SQL} for Business Users},
	Volume = {5},
	Year = {2012}}

@article{BergamaschiGILV13,
	Author = {Bergamaschi, S. and Guerra, F. and Interlandi, M. and Trillo Lado, R. and Velegrakis, Y.},
	Journal = {{PVLDB}},
	Number = {12},
	Pages = {1222--1225},
	Title = {{QUEST:} {A} Keyword Search System for Relational Data based on Semantic and Machine Learning Techniques},
	Volume = {6},
	Year = {2013}}

@article{LiJ14,
	Author = {Li, F. and Jagadish, H. V.},
	Journal = {{PVLDB}},
	Number = {1},
	Pages = {73--84},
	Title = {Constructing an Interactive Natural Language Interface for Relational Databases},
	Volume = {8},
	Year = {2014}}

@article{GyselEtAl2018,
	Author = {Van Gysel, C. and de Rijke, M. and Kanoulas, E.},
	Issue_Date = {October 2018},
	Journal = {ACM Trans. Inf. Syst.},
	Number = {4},
	Pages = {38:1--38:25},
	Publisher = {{ACM Press, New York, USA}},
	Title = {{Neural Vector Spaces for Unsupervised Information Retrieval}},
	Volume = {36},
	Year = {2018}}

@book{vanRijsbergen1979,
	Author = {van Rijsbergen, C. J.},
	Edition = {2nd},
	Publisher = {Butterworths, London, England},
	Title = {{Information Retrieval}},
	Year = {1979}}

@article{JarvelinKekalainen2002,
	Author = {J{\"{a}}rvelin, K. and Kek{\"{a}}l{\"{a}}inen, J.},
	Date-Added = {2011-02-16 08:46:24 +0100},
	Date-Modified = {2011-02-16 08:46:24 +0100},
	Journal = {{ACM Transactions on Information Systems (TOIS)}},
	Month = {October},
	Number = {4},
	Pages = {422--446},
	Publisher = {{ACM Press, New York, USA}},
	Title = {{Cumulated Gain-Based Evaluation of IR Techniques}},
	Volume = {20},
	Year = {2002},
	Bdsk-Url-1 = {http://doi.acm.org/10.1145/582415.582418}}

@book{Harman2011,
	Author = {Harman, D. K.},
	Date-Added = {2012-01-15 10:57:52 +0100},
	Date-Modified = {2012-11-09 05:48:18 +0000},
	Publisher = {{Morgan \& Claypool Publishers, USA}},
	Title = {{Information Retrieval Evaluation}},
	Year = {2011}}

@inproceedings{PicalausaStjin2011,
	Author = {Picalausa, F. and Vansummeren, S.},
	Booktitle = {Proc. of the International Workshop on Semantic Web Information Management},
	Date-Added = {2018-10-08 13:06:17 +0200},
	Date-Modified = {2018-10-08 13:07:07 +0200},
	Numpages = {6},
	Pages = {7:1--7:6},
	Publisher = {{ACM Press, New York, USA}},
	Series = {SWIM '11},
	Title = {{What Are Real SPARQL Queries Like?}},
	Year = {2011}}

@proceedings{SparckJonesWillet1997,
	Booktitle = {{Readings in Information Retrieval}},
	Editor = {Sp{\"a}rck Jones, K. and Willett, P.},
	Publisher = {{Morgan Kaufmann Publisher, Inc., San Francisco, CA, USA}},
	Title = {{Readings in Information Retrieval}},
	Year = {1997}}

@inproceedings{Cleverdon1997,
	Author = {Cleverdon, C. W.},
	Crossref = {zz-SparckJonesWillet1997-Editor},
	Pages = {47--60},
	Title = {{The Cranfield Tests on Index Languages Devices}},
	Year = {1997}}

@article{silvello2015methodology,
	Author = {Silvello, G.},
	Bibsource = {dblp computer science bibliography, http://dblp.org},
	Biburl = {http://dblp.uni-trier.de/rec/bib/journals/dlib/Silvello15},
	Doi = {10.1045/january2015-silvello},
	Journal = {D-Lib Magazine},
	Number = {1/2},
	Timestamp = {Tue, 24 Mar 2015 15:40:28 +0100},
	Title = {A Methodology for Citing Linked Open Data Subsets},
	Url = {http://dx.doi.org/10.1045/january2015-silvello},
	Volume = {21},
	Year = {2015},
	Bdsk-Url-1 = {http://dx.doi.org/10.1045/january2015-silvello}}

@article{buneman2010rule,
	Author = {Buneman, P. and Silvello, G.},
	Journal = {IEEE Data Eng. Bull.},
	Number = {3},
	Pages = {33--41},
	Title = {A Rule-Based Citation System for Structured and Evolving Datasets.},
	Volume = {33},
	Year = {2010}}

@book{borgman2015big,
	Author = {Borgman, C. L.},
	Publisher = {MIT press},
	Title = {Big data, little data, no data: scholarship in the networked world},
	Year = {2015}}

@article{bunemann2016citation,
	Author = {Buneman, P. and Davidson, S. B. and Frew, J.},
	Bibsource = {dblp computer science bibliography, http://dblp.org},
	Biburl = {http://dblp.uni-trier.de/rec/bib/journals/cacm/BunemanDF16},
	Journal = {Commun. {ACM}},
	Number = {9},
	Pages = {50--57},
	title = {Why data citation is a computational problem},
	Volume = {59},
	Year = {2016},
	Bdsk-Url-1 = {http://doi.acm.org/10.1145/2893181},
	Bdsk-Url-2 = {https://doi.org/10.1145/2893181}}

@inproceedings{buneman2006cite,
	Author = {Buneman, P.},
	Booktitle = {18th International Conference on Scientific and Statistical Database Management, {SSDBM}},
	Pages = {195--203},
	Publisher = {{IEEE} Computer Society},
	Title = {How to cite curated databases and how to make them citable},
	Year = {2006}}

@inproceedings{proll2013scalable,
	Author = {Proll, S. and Rauber, A.},
	Booktitle = {Big Data, 2013 IEEE International Conference on},
	Organization = {IEEE},
	Pages = {307--312},
	Publishr = {IEEE},
	Title = {Scalable data citation in dynamic, large databases: Model and reference implementation},
	Year = {2013}}

@article{groth2010anatomy,
	Author = {Groth, P. and Gibson, A. and Velterop, J.},
	Journal = {Information Services \& Use},
	Number = {1-2},
	Pages = {51--56},
	Publisher = {IOS Press},
	Title = {The anatomy of a nanopublication},
	Volume = {30},
	Year = {2010}}

@article{klump2016doi,
	Author = {Klump, J. and Huber, R. and Diepenbroek, M.},
	Journal = {Earth Science Informatics},
	Number = {1},
	Pages = {123--136},
	Publisher = {Springer},
	Title = {DOI for geoscience data-how early practices shape present perceptions},
	Volume = {9},
	Year = {2016}}

@article{heath2011linked,
	Author = {Heath, T. and Bizer, C.},
	Journal = {Synthesis lectures on the semantic web: theory and technology},
	Number = {1},
	Pages = {1--136},
	Publisher = {Morgan \& Claypool Publishers},
	Title = {Linked data: Evolving the web into a global data space},
	Volume = {1},
	Year = {2011}}

@inproceedings{davidson2017model,
	Author = {Davidson, S. B. and Deutch, D. and Milo, T. and Silvello, G.},
	Booktitle = {{CIDR} 2017, 8th Biennial Conference on Innovative Data Systems Research},
	Publisher = {www.cidrdb.org},
	Title = {A Model for Fine-Grained Data Citation},
	Year = {2017}}

@article{feigenbaum2007semantic,
	Author = {Feigenbaum, L. and Herman, I. and Hongsermeier, T. and Neumann, E. and Stephens, S.},
	Journal = {Scientific American},
	Number = {6},
	Pages = {90--97},
	Publisher = {Nature Publishing Group},
	Title = {The semantic web in action},
	Volume = {297},
	Year = {2007}}

@inproceedings{carroll2005named,
	Author = {Carroll, J. J. and Bizer, C. and Hayes, P. and Stickler, P.},
	Booktitle = {Proceedings of the 14th international conference on World Wide Web},
	Organization = {ACM},
	Pages = {613--622},
	Publisher = {{ACM}},
	Title = {Named graphs, provenance and trust},
	Year = {2005}
	}

@inproceedings{CarrollS04,
  author    = {Carroll, J. J. and
               Stickler, P.},
  title     = {{RDF} triples in {XML}},
  booktitle = {{WWW} (Alternate Track Papers {\&} Posters)},
  pages     = {412--413},
  publisher = {{ACM}},
  year      = {2004}
}



@article{CarrollBHS05,
  author    = {Carroll, J. J. and
               Bizer, C. and
               Hayes, P. J. and
               Stickler, P.},
  title     = {Named graphs},
  journal   = {J. Web Semant.},
  volume    = {3},
  number    = {4},
  pages     = {247--267},
  year      = {2005}
}



@book{ButtcherEtAl2010,
	Author = {B{\"{u}}ttcher, S. and Clarke, C. L. A. and Cormack, G. V.},
	Publisher = {{MIT} Press},
	Title = {Information Retrieval - Implementing and Evaluating Search Engines},
	Year = {2010}}

@inproceedings{howProvenanceGreen,
	Author = {Green, T. J. and Karvounarakis, G. and Tannen, V.},
	Booktitle = {Proceedings of the twenty-sixth ACM SIGMOD-SIGACT-SIGART symposium on Principles of database systems},
	Pages = {31--40},
	Publisher = {{ACM}},
	Title = {Provenance semirings},
	Year = {2007}}


@inproceedings{gutierrez2005temporal,
	Author = {Gutierrez, C. and Hurtado, C. and Vaisman, A.},
	Booktitle = {European Semantic Web Conference},
	Organization = {Springer},
	Pages = {93--107},
	Publisher = {Springer},
	Title = {Temporal rdf},
	Year = {2005}}

@article{papavasileiou2013high,
	Author = {Papavasileiou, V. and Flouris, G. and Fundulaki, I. and Kotzinos, D. and Christophides, V.},
	Journal = {ACM Transactions on Database Systems (TODS)},
	Number = {1},
	Pages = {1},
	Publisher = {ACM},
	Title = {High-level change detection in RDF (S) KBs},
	Volume = {38},
	Year = {2013}}

@inproceedings{vander2013r,
	Author = {Sande, M. V. and Colpaert, P. and Verborgh, R. and Coppens, S. and Mannens, E. and Van de Walle, R.},
	Booktitle = {Proceedings of the {WWW2013} Workshop on Linked Data on the Web},
	Publisher = {CEUR-WS.org},
	Title = {R{\&}Wbase: git for triples},
	Year = {2013}}

@article{YuQC10:survey,
	Author = {Yu, J. X. and Qin, L. and Chang, L.},
	Date-Added = {2015-03-11 17:45:02 +0000},
	Date-Modified = {2015-03-11 17:46:07 +0000},
	Journal = {{IEEE Data Eng. Bull.}},
	Number = {1},
	Pages = {67--78},
	Publisher = {IEEE Computer Society},
	Title = {{Keyword Search in Relational Databases: A Survey}},
	Volume = {33},
	Year = {2010}}

@article{geerts2016algebraic,
	Author = {Geerts, F. and Unger, T. and Karvounarakis, G. and Fundulaki, I. and Christophides, V.},
	Journal = {Journal of the ACM (JACM)},
	Number = {1},
	Pages = {7},
	Publisher = {ACM},
	Title = {Algebraic structures for capturing the provenance of SPARQL queries},
	Volume = {63},
	Year = {2016}}

@inproceedings{mass2012language,
	Author = {Mass, Y. and Sagiv, Y.},
	Booktitle = {Proceedings of the fifth ACM international conference on Web search and data mining},
	Organization = {ACM},
	Pages = {363--372},
	Publisher = {{ACM}},
	Title = {Language models for keyword search over data graphs},
	Year = {2012}}

@inproceedings{mass2016virtual,
	Author = {Mass, Y. and Sagiv, Y.},
	Booktitle = {Proc. of the Workshops of the {EDBT/ICDT} 2016 Joint Conference},
	Publisher = {CEUR-WS.org},
	Series = {{CEUR} Workshop Proceedings},
	Title = {{Virtual Documents and Answer Priors in Keyword Search over Data Graphs}},
	Volume = {1558},
	Year = {2016}}

@article{queralt2016disgenet,
	Author = {Queralt-Rosinach, N. and Pi{\~n}ero, J. and Bravo, {\`A}. and Sanz, F. and Furlong, L. I.},
	Journal = {Bioinformatics},
	Number = {14},
	Pages = {2236--2238},
	Publisher = {Oxford University Press},
	Title = {DisGeNET-RDF: harnessing the innovative power of the Semantic Web to explore the genetic basis of diseases},
	Volume = {32},
	Year = {2016}}
	
@inproceedings{elbassuoni2011keyword,
	Author = {Elbassuoni, S. and Blanco, R.},
	Booktitle = {Proc. of the 20th {ACM} Conference on Information and Knowledge Management, {CIKM} 2011,},
	Pages = {237--242},
	Publisher = {{ACM Press, New York, USA}},
	Title = {{Keyword Search over {RDF} Graphs}},
	Year = {2011}}

@phdthesis{Elbassuoni12,
	Author = {Elbassuoni, S.},
	School = {Saarland University},
	Title = {Effective searching of {RDF} knowledge bases},
	Year = {2012}}

@techreport{Wolfgang99,
	Author = {Wolfgang, M.},
	Institution = {Universit{\"a}t Freiburg, Institut f{\"u}r Informatik},
	Note = {Available from \url{http://dbis.informatik.uni-goettingen.de/Mondial}},
	Number = 131,
	Title = {Information Extraction and Integration with \textsc{Florid}: The \textsc{Mondial} Case Study},
	Year = 1999}

@article{Perez2009,
	Articleno = {16},
	Author = {P{\'e}rez, J. and Arenas, M. and Gutierrez, C.},
	Journal = {ACM Trans. Database Syst.},
	Number = {3},
	Pages = {1--45},
	Publisher = {{ACM Press, New York, USA}},
	Title = {{Semantics and Complexity of SPARQL}},
	Volume = {34},
	Year = {2009}}

@article{BonifatiMT17,
	Author = {Bonifati, A. and Martens, W. and Timm, T.},
	Bibsource = {dblp computer science bibliography, https://dblp.org},
	Biburl = {https://dblp.org/rec/bib/journals/pvldb/BonifatiMT17},
	Doi = {10.14778/3149193.3149196},
	Journal = {{PVLDB}},
	Number = {2},
	Pages = {149--161},
	Timestamp = {Tue, 16 Oct 2018 15:34:44 +0200},
	Title = {An Analytical Study of Large {SPARQL} Query Logs},
	Url = {http://www.vldb.org/pvldb/vol11/p149-bonifati.pdf},
	Volume = {11},
	Year = {2017},
	Bdsk-Url-1 = {http://www.vldb.org/pvldb/vol11/p149-bonifati.pdf},
	Bdsk-Url-2 = {https://doi.org/10.14778/3149193.3149196}}

@inproceedings{doan2006managing,
	Author = {Doan, A. and Ramakrishnan, R. and Vaithyanathan, S. },
	Booktitle = {Proceedings of the 2006 ACM SIGMOD international conference on Management of data},
	Organization = {ACM},
	Pages = {799--800},
	Publisher = {{ACM}},
	Title = {Managing information extraction: state of the art and research directions},
	Year = {2006}}

@article{manola2004rdf,
	Author = {Manola, F. and Miller, E. and McBride, B. and others},
	Journal = {W3C recommendation},
	Number = {1-107},
	Pages = {6},
	Title = {RDF primer},
	Volume = {10},
	Year = {2004}}

@article{prud2006sparql,
	Author = {Prud, Eric and Seaborne, Andy and others},
	Title = {SPARQL query language for RDF},
	Year = {2006}}

@inproceedings{OuksiliKL14,
	Author = {Ouksili, H. and Kedad, Z. and Lopes, S.},
	Booktitle = {Natural Language Processing and Information Systems - 19th International Conference on Applications of Natural Language to Information Systems, {NLDB}},
	Pages = {262--265},
	Publisher = {Springer},
	Title = {A Tool for Theme Identification in {RDF} Graphs},
	Year = {2014}}

@inproceedings{bhalotia2002:banks,
	Author = {Bhalotia, G. and Hulgeri, A. and Nakhe, C. and Chakrabarti, S. and Sudarshan, S.},
	Booktitle = {Proceedings of the 18th International Conference on Data Engineering},
	Crossref = {DBLP:conf/icde/2002},
	Pages = {431--440},
	Publisher = {{IEEE} Computer Society},
	Title = {Keyword Searching and Browsing in Databases using {BANKS}},
	Year = {2002}}

@inproceedings{coffman2010framework,
	Author = {Coffman, J. and Weaver, A. C.},
	Booktitle = {Proc. of the 19th ACM International Conference on Information and knowledge management},
	Pages = {729--738},
	Publisher = {{ACM Press}},
	Title = {A framework for evaluating database keyword search strategies},
	Year = {2010}}

@article{coffman2014empirical,
	Author = {Coffman, J. and Weaver, A. C.},
	Journal = {IEEE Transactions on Knowledge and Data Engineering},
	Number = {1},
	Pages = {30--42},
	Title = {{An Empirical Performance Evaluation of Relational Keyword Search Systems}},
	Volume = {26},
	Year = {2014}}

@inproceedings{tran2009top,
	Author = {Tran, T. and Wang, H. and Rudolph, S. and Cimiano, P.},
	Booktitle = {IEEE 25th International Conference on Data Engineering {ICDE}},
	Organization = {IEEE},
	Pages = {405--416},
	Publisher = {{IEEE} Computer Society},
	Title = {Top-k exploration of query candidates for efficient keyword search on graph-shaped (rdf) data},
	Year = {2009}}

@inproceedings{elbassuoni2009language,
	Author = {Elbassuoni, S. and Ramanath, Ma. and Schenkel, R. and Sydow, M. and Weikum, G.},
	Booktitle = {Proceedings of the 18th ACM conference on Information and knowledge management},
	Organization = {ACM},
	Pages = {977--986},
	Publisher = {{ACM}},
	Title = {Language-model-based ranking for queries on RDF-graphs},
	Year = {2009}}

@inproceedings{ponte1998,
	Author = {Ponte, J. M. and Croft, W. B.},
	Booktitle = {Proc. of the 21st annual international ACM SIGIR conference on Research and development in information retrieval},
	Pages = {275--281},
	Publisher = {{ACM Press, New York, USA}},
	Title = {{A Language Modeling Approach to Information Retrieval}},
	Year = {1998}}

@article{lopez2007aqualog,
	Author = {Lopez, V. and Uren, V. and Motta, E. and Pasin, M.},
	Journal = {Web Semantics: Science, Services and Agents on the World Wide Web},
	Number = {2},
	Pages = {72--105},
	Publisher = {Elsevier},
	Title = {AquaLog: An ontology-driven question answering system for organizational semantic intranets},
	Volume = {5},
	Year = {2007}}

@article{zhong2017:Seq2SQL,
	Author = {Zhong, V. and Xiong, C. and Socher, R.},
	Journal = {CoRR},
	Title = {Seq2SQL: Generating Structured Queries from Natural Language using Reinforcement Learning},
	Volume = {abs/1709.00103},
	Year = {2017}}

@inproceedings{ouksili2014theme,
	Author = {Ouksili, H. and Kedad, Z. and Lopes, S.},
	Booktitle = {International Conference on Model and Data Engineering},
	Organization = {Springer},
	Pages = {321--329},
	Publisher = {Springer},
	Title = {Theme identification in RDF graphs},
	Year = {2014}}

@inproceedings{Auer2007Dbpedia,
	Author = {Auer, S. and Bizer, C. and Kobilarov, G. and Lehmann, J. and Cyganiak, R. and Ives, Z.},
	Booktitle = {Proceedings of the 6th International The Semantic Web and 2Nd Asian Conference on Asian Semantic Web Conference},
	Date-Modified = {2019-05-09 21:49:38 +0200},
	Isbn = {3-540-76297-3, 978-3-540-76297-3},
	Numpages = {14},
	Pages = {722--735},
	Publisher = {Springer-Verlag},
	Series = {ISWC'07/ASWC'07},
	Title = {DBpedia: A Nucleus for a Web of Open Data},
	Year = {2007}}

@article{TorniaiBH15:eagle-i,
	Author = {Torniai, C. and Bourges{-}Waldegg, D. and Hoffmann, S.},
	Journal = {Semantic Web},
	Number = {2},
	Pages = {139--146},
	Title = {eagle-i: Biomedical research resource datasets},
	Volume = {6},
	Year = {2015}}

@article{PetrasHSG17:europeana,
	Author = {Petras, V. and Hill, T. and Stiller, J. and G{{\"{a}}}de, M.},
	Journal = {Datenbank-Spektrum},
	Number = {1},
	Pages = {41--46},
	Title = {Europeana - a Search Engine for Digitised Cultural Heritage Material},
	Volume = {17},
	Year = {2017}}

@proceedings{Paschke2013:disgenet,
	Editor = {Paschke, A. and Burger, A. and Romano, P. and Marshall, M. S. and Splendiani., A.},
	Publisher = {CEUR-WS.org},
	Series = {{CEUR} Workshop Proceedings},
	Title = {Proceedings of the 6th International Workshop on Semantic Web Applications and Tools for Life Sciences, Edinburgh, UK, December 10, 2013},
	Volume = {1114},
	Year = {2014}}

@inproceedings{SuchanekSW09:sofie,
	Author = {Suchanek, F. M. and Sozio, M. and Weikum, G.},
	Booktitle = {Proceedings of the 18th International Conference on World Wide Web, {WWW} 2009, Madrid, Spain, April 20-24, 2009},
	Crossref = {DBLP:conf/www/2009},
	Pages = {631--640},
	Publisher = {{ACM}},
	Title = {{SOFIE:} a self-organizing framework for information extraction},
	Year = {2009}}

@article{BastBH16,
	Author = {Bast, H. and Buchhold, B. and Haussmann, H.},
	Journal = {Foundations and Trends in Information Retrieval},
	Number = {2-3},
	Pages = {119--271},
	Title = {Semantic Search on Text and Knowledge Bases},
	Volume = {10},
	Year = {2016}}

@inproceedings{linkedmdb2009,
	Author = {Hassanzadeh, O. and Consens, M. P.},
	Booktitle = {Proceedings of the {WWW2009} Workshop on Linked Data on the Web, {LDOW} 2009},
	Crossref = {DBLP:conf/www/2009ldow},
	Publisher = {CEUR-WS.org},
	Title = {Linked Movie Data Base},
	Year = {2009}}

@inproceedings{bendersky2011:mrf,
	Author = {Bendersky, M. and Croft, W. B. and Diao, Y.},
	Booktitle = {Proceedings of the fourth ACM international conference on Web search and data mining},
	Organization = {ACM},
	Pages = {95--104},
	Publisher = {{ACM}},
	Title = {Quality-biased ranking of web documents},
	Year = {2011}}

@inproceedings{metzler2005markov,
	Author = {Metzler, D. and Croft, W. B.},
	Booktitle = {{SIGIR} 2005: Proceedings of the 28th Annual International {ACM} {SIGIR} Conference on Research and Development in Information Retrieval},
	Crossref = {DBLP:conf/sigir/2005},
	Pages = {472--479},
	Publisher = {{ACM}},
	Title = {A Markov random field model for term dependencies},
	Year = {2005}}

@article{maron1960relevance,
	Annote = {BM25},
	Author = {Maron, M. E. and Kuhns, J. L.},
	Date-Modified = {2019-02-12 15:43:06 +0100},
	Journal = {Journal of the ACM (JACM)},
	Number = {3},
	Pages = {216--244},
	Publisher = {ACM},
	Title = {On relevance, probabilistic indexing and information retrieval},
	Volume = {7},
	Year = {1960}}

@article{JonesWR00,
	Annote = {BM25},
	Author = {Jones, K. S. and Walker, S. and Robertson, S. E.},
	Date-Modified = {2019-02-12 15:42:55 +0100},
	Journal = {Inf. Process. Manage.},
	Number = {6},
	Pages = {779--808},
	Title = {A probabilistic model of information retrieval: development and comparative experiments - Part 1},
	Volume = {36},
	Year = {2000}}

@article{JonesWR00a,
	Annote = {BM25},
	Author = {Jones, K. S. and Walker, S. and Robertson, S. E.},
	Date-Modified = {2019-02-10 19:10:08 +0100},
	Journal = {Inf. Process. Manage.},
	Number = {6},
	Pages = {809--840},
	Title = {A probabilistic model of information retrieval: development and comparative experiments - Part 2},
	Volume = {36},
	Year = {2000}}

@incollection{WangA10,
	Author = {Wang, H. and Aggarwal, C. C.},
	Booktitle = {Managing and Mining Graph Data},
	Crossref = {DBLP:series/ads/2010-40},
	Pages = {249--273},
	Publisher = {Springer},
	Title = {A Survey of Algorithms for Keyword Search on Graph Data},
	Year = {2010}}

@inproceedings{AgrawalCD02,
	Author = {Agrawal, S. and Chaudhuri, S. and Das, G.},
	Booktitle = {Proceedings of the 18th International Conference on Data Engineering, ICDE 2002},
	Crossref = {DBLP:conf/icde/2002},
	Pages = {5--16},
	Publisher = {{IEEE} Computer Society},
	Title = {DBXplorer: {A} System for Keyword-Based Search over Relational Databases},
	Year = {2002}}

@inproceedings{BalminHKPSW03,
	Author = {Balmin, A. and Hristidis, V. and Koudas, N. and Papakonstantinou, Y. and Srivastava, D. and Wang, T.},
	Booktitle = {Proceedings of 29th International Conference on Very Large Data Bases, {VLDB}},
	Crossref = {DBLP:conf/vldb/2003},
	Pages = {1069--1072},
	Publisher = {Morgan Kaufmann},
	Title = {A System for Keyword Proximity Search on {XML} Databases},
	Year = {2003}}

@inproceedings{Li2009,
	Author = {Li, G. and Ji, S. and Li, C. and Feng, J.},
	Booktitle = {Proceedings of the 2009 ACM SIGMOD International Conference on Management of Data},
	Isbn = {978-1-60558-551-2},
	Location = {Providence, Rhode Island, USA},
	Numpages = {12},
	Pages = {695--706},
	Publisher = {{ACM}},
	Series = {SIGMOD '09},
	Title = {Efficient Type-ahead Search on Relational Data: A TASTIER Approach},
	Year = {2009}}

@inproceedings{TranCRS07,
	Author = {T. Tran and P. Cimiano and S. Rudolph and R. Studer},
	Booktitle = {The Semantic Web, 6th International Semantic Web Conference, 2nd Asian Semantic Web Conference, {ISWC} 2007 + {ASWC} 2007},
	Crossref = {DBLP:conf/semweb/2007},
	Pages = {523--536},
	Publisher = {Springer},
	Title = {Ontology-Based Interpretation of Keywords for Semantic Search},
	Year = {2007}}

@inproceedings{PoundHIW12,
	Author = {Pound, J. and Hudek, A. K. and Ilyas, I. F. and Weddell, G. E.},
	Booktitle = {21st {ACM} International Conference on Information and Knowledge Management, CIKM'12},
	Pages = {305--314},
	Publisher = {{ACM}},
	Title = {Interpreting keyword queries over web knowledge bases},
	Year = {2012}}

@inproceedings{Badan17:1,
	Author = {Badan, A. and others},
	Booktitle = {Proceedings of the Workshops of the {EDBT/ICDT} 2017 Joint Conference {(EDBT/ICDT} 2017), Venice, Italy, March 21-24, 2017.},
	Publisher = {CEUR-WS.org},
	Title = {Towards Open-Source Shared Implementations of Keyword-Based Access Systems to Relational Data},
	Year = {2017}}

@inproceedings{Badan17:2,
	Author = {Badan, A. and others},
	Booktitle = {Proceedings of the 25th Italian Symposium on Advanced Database Systems},
	Pages = {166},
	Publisher = {CEUR-WS.org},
	Title = {Keyword-based access to relational data: To reproduce, or to not reproduce?},
	Year = {2017}}

@article{BergamaschiFGS16,
	Author = {Bergamaschi, S. and Ferro, N. and Guerra, F. and Silvello, G.},
	Journal = {Trans. Computational Collective Intelligence},
	Pages = {1--20},
	Publisher = {Springer},
	Title = {Keyword-Based Search Over Databases: {A} Roadmap for a Reference Architecture Paired with an Evaluation Framework},
	Volume = {21},
	Year = {2016}}

@inproceedings{HeWYY07,
	Author = {He, H. and Wang, H. and Yang, J. and Yu, P. S.},
	Booktitle = {Proceedings of the {ACM} {SIGMOD} International Conference on Management of Data},
	Pages = {305--316},
	Publisher = {{ACM}},
	Title = {{BLINKS:} ranked keyword searches on graphs},
	Year = {2007}}

@article{SimitsisKI08,
	Author = {Simitsis, A. and Koutrika, G. and Ioannidis, Y. E.},
	Journal = {{VLDB} J.},
	Number = {1},
	Pages = {117--149},
	Title = {Pr{\'{e}}cis: from unstructured keywords as queries to structured databases as answers},
	Volume = {17},
	Year = {2008}}

@inproceedings{DingYWQZL07,
	Author = {Ding, B. and Xu Yu, J. and Wang, S. and Qin, L. and Zhang, X. and Lin, X.},
	Booktitle = {Proceedings of the 23rd International Conference on Data Engineering, {ICDE} 2007},
	Pages = {836--845},
	Publisher = {{IEEE} Computer Society},
	Title = {Finding Top-k Min-Cost Connected Trees in Databases},
	Year = {2007}}

@inproceedings{KasneciRSSW09,
	Author = {Kasneci, G. and Ramanath, M. and Sozio, M. and Suchanek, F. M. and Weikum, G.},
	Booktitle = {Proceedings of the 25th International Conference on Data Engineering, {ICDE} 2009},
	Pages = {868--879},
	Publisher = {{IEEE} Computer Society},
	Title = {{STAR:} Steiner-Tree Approximation in Relationship Graphs},
	Year = {2009}}

@article{LuoWLZWL11,
	Author = {Luo, Y. and Wang, W. and Lin, X. and Zhou, X. and Wang, J. and Li, K.},
	Journal = {{IEEE} Trans. Knowl. Data Eng.},
	Number = {12},
	Pages = {1763--1780},
	Title = {{SPARK2:} Top-k Keyword Query in Relational Databases},
	Volume = {23},
	Year = {2011}}

@inproceedings{LuoLWZ07,
	Author = {Luo, Y. and Lin, X. and Wang, W. and Zhou, X.},
	Booktitle = {Proceedings of the {ACM} {SIGMOD} International Conference on Management of Data},
	Pages = {115--126},
	Publisher = {{ACM}},
	Title = {Spark: top-k keyword query in relational databases},
	Year = {2007}}

@article{SahuMSLO17,
	Author = {Sahu, S. and Mhedhbi, A. and Salihoglu, S. and Lin, J. and {\"{O}}zsu, M. T.},
	Journal = {{PVLDB}},
	Number = {4},
	Pages = {420--431},
	Title = {The Ubiquity of Large Graphs and Surprising Challenges of Graph Processing},
	Volume = {11},
	Year = {2017}}

@inproceedings{NeumayerBN12,
	Author = {Neumayer, R. and Balog, K. and N{\o}rv{\aa}g, K.},
	Booktitle = {Advances in Information Retrieval - 34th European Conference on {IR} Research, {ECIR} 2012},
	Pages = {133--145},
	Publisher = {Springer},
	Title = {On the Modeling of Entities for Ad-Hoc Entity Search in the Web of Data},
	Year = {2012}}

@article{silvello2016data,
	Author = {Silvello, Gianmaria and Ferro, Nicola},
	Journal = {Bulletin of IEEE Technical Committee on Digital Libraries},
	Number = {1},
	Pages = {1--5},
	Title = {Data Citation is Coming: Introduction to the Special Issue on Data Citation},
	Volume = {12},
	Year = {2016}}

@article{silvello2016learning,
	author    = {Gianmaria Silvello},
  title     = {Learning to cite framework: How to automatically construct citations
               for hierarchical data},
  journal   = {J. Assoc. Inf. Sci. Technol.},
  volume    = {68},
  number    = {6},
  pages     = {1505--1524},
  year      = {2017}}

@inproceedings{AuerBKLCI07Dbpedia,
	Author = {Auer, S. and Bizer, C. and Kobilarov, G. and Lehmann, J. and Cyganiak, R. and Ives, Z. G.},
	Booktitle = {The Semantic Web, 6th International Semantic Web Conference, 2nd Asian Semantic Web Conference, {ISWC} 2007 + {ASWC} 2007},
	Crossref = {DBLP:conf/semweb/2007},
	Date-Modified = {2019-05-09 21:49:45 +0200},
	Pages = {722--735},
	Publisher = {Springer},
	Title = {DBpedia: {A} Nucleus for a Web of Open Data},
	Year = {2007}}

@article{ArnaoutE18,
	Author = {Arnaout, H. and Elbassuoni, S.},
	Journal = {J. Web Sem.},
	Pages = {66--84},
	Title = {Effective searching of {RDF} knowledge graphs},
	Volume = {48},
	Year = {2018}}

@inproceedings{YoghourdjianEJA17,
	Author = {Yoghourdjian, H. and Elbassuoni, S. and Jaber, M. and Arnaout, H.},
	Booktitle = {Proceedings of the 9th International Joint Conference on Knowledge Discovery, Knowledge Engineering and Knowledge Management - (Volume 1), Funchal, Madeira, Portugal, November 1-3, 2017.},
	Crossref = {DBLP:conf/ic3k/2017kdir},
	Pages = {17--26},
	Publisher = {SciTePress},
	Title = {Top-k Keyword Search over Wikipedia-based {RDF} Knowledge Graphs},
	Year = {2017}}

@inproceedings{DBLP:conf/ic3k/ArnaoutE16,
	Author = {Arnaout, H. and Elbassuoni, S.},
	Booktitle = {Proceedings of the 8th International Joint Conference on Knowledge Discovery, Knowledge Engineering and Knowledge Management {(IC3K} 2016) - Volume 1: KDIR, Porto - Portugal, November 9 - 11, 2016.},
	Pages = {249--256},
	Publisher = {SciTePress},
	Title = {Result Diversity for {RDF} Search},
	Year = {2016}}


@book{CODATA2013,
	Date-Added = {2015-12-02 10:15:49 +0000},
	Date-Modified = {2016-09-16 10:37:07 +0000},
	Journal = {{Data Science Journal}},
	Month = {September},
	Pages = {1--67},
	Author = {{CODATA-ICSTI Task Group on Data Citation Standards and Practices}},
	Title = {{Out of Cite, Out of Mind: The Current State of Practice, Policy, and Technology for the Citation of Data}},
	Volume = {12},
	Year = {2013},
	doi = {http://doi.org/10.2481/dsj.OSOM13-043}}


@inproceedings{ProllR14,
	Author = {Pr{\"{o}}ll, S. and Rauber, A.},
	Booktitle = {{DATA} 2014 - Proceedings of 3rd International Conference on Data Management Technologies and Applications},
	Pages = {223--230},
	Publisher = {SciTePress},
	Title = {A Scalable Framework for Dynamic Data Citation of Arbitrary Structured Data},
	Year = {2014}}

@article{AlawiniDHW17,
	Author = {Alawini, A. and Davidson, S. B. and Hu, W. and Wu, Y.},
	Journal = {{PVLDB}},
	Number = {12},
	Pages = {1881--1884},
	Title = {Automating Data Citation in CiteDB},
	Volume = {10},
	Year = {2017}}

@article{HardingSFSPIGBA18,
	Author = {Harding, S. D. and Sharman, J. L. and Faccenda, E. and Southan, C. and Pawson, A. J. and Ireland, S. and Gray, A. J. G. and Bruce, L. and Alexander, S. P. H. and Anderton, S. and Bryant, C. and Davenport, A. P. and Doerig, C. and Fabbro, D. and Levi{-}Schaffer, F. and Spedding, M. and Davies, J. A. and Nc{-}Iuphar},
	Journal = {Nucleic Acids Research},
	Number = {Database-Issue},
	Pages = {D1091--D1106},
	title = {The {IUPHAR/BPS} Guide to {PHARMACOLOGY} in 2018: updates and expansion to encompass the new guide to {IMMUNOPHARMACOLOGY}},
	Volume = {46},
	Year = {2018}}

@article{AlawiniDSTW17,
	Author = {Alawini, A. and Davidson, S. B. and Silvello, G. and Tannen, V. and Wu, Y.},
	Journal = {{IEEE} Data Eng. Bull.},
	Number = {1},
	Pages = {27--38},
	Title = {Data Citation: {A} New Provenance Challenge},
	Volume = {41},
	Year = {2018}}

@inproceedings{ZhiltsovKN15,
	Author = {Zhiltsov, N. and Kotov, A. and Nikolaev, F.},
	Booktitle = {Proceedings of the 38th International {ACM} {SIGIR} Conference on Research and Development in Information Retrieval},
	Pages = {253--262},
	Publisher = {{ACM}},
	Title = {Fielded Sequential Dependence Model for Ad-Hoc Entity Retrieval in the Web of Data},
	Year = {2015}}

@inproceedings{NikolaevKZ16,
	Author = {Nikolaev, F. and Kotov, A. and Zhiltsov, N.},
	Booktitle = {Proceedings of the 39th International {ACM} {SIGIR} conference on Research and Development in Information Retrieval},
	Pages = {435--444},
	Publisher = {{ACM}},
	Title = {Parameterized Fielded Term Dependence Models for Ad-hoc Entity Retrieval from Knowledge Graph},
	Year = {2016}}

@article{DeutchFG18,
	Author = {Deutch, D. and Frost, N. and Gilad, A.},
	Journal = {{SIGMOD} Record},
	Number = {1},
	Pages = {42--49},
	Title = {Natural Language Explanations for Query Results},
	Volume = {47},
	Year = {2018}}

@article{Halevy01,
	Author = {Halevy, A. Y.},
	Journal = {{VLDB} J.},
	Number = {4},
	Pages = {270--294},
	Title = {Answering queries using views: {A} survey},
	Url = {https://doi.org/10.1007/s007780100054},
	Volume = {10},
	Year = {2001},
	Bdsk-Url-1 = {https://doi.org/10.1007/s007780100054}}

@article{GuoPH05,
	Author = {Guo, Y. and Pan, Z. and Heflin, J.},
	Bibsource = {dblp computer science bibliography, https://dblp.org},
	Biburl = {https://dblp.org/rec/bib/journals/ws/GuoPH05},
	Doi = {10.1016/j.websem.2005.06.005},
	Journal = {J. Web Semant.},
	Number = {2-3},
	Pages = {158--182},
	Title = {{LUBM:} {A} benchmark for {OWL} knowledge base systems},
	Volume = {3},
	Year = {2005},
	Bdsk-Url-1 = {https://doi.org/10.1016/j.websem.2005.06.005}}

@article{SUMM14,
	Author = {Le, W. and Li, F. and Kementsietsidis, A. and Duan, S.},
	Bibsource = {dblp computer science bibliography, https://dblp.org},
	Biburl = {https://dblp.org/rec/bib/journals/tkde/LeLKD14},
	Doi = {10.1109/TKDE.2014.2302294},
	Journal = {{IEEE} Trans. Knowl. Data Eng.},
	Number = {11},
	Pages = {2774--2788},
	Timestamp = {Sat, 20 May 2017 00:24:24 +0200},
	Title = {Scalable Keyword Search on Large {RDF} Data},
	Bdsk-Url-1 = {https://doi.org/10.1109/TKDE.2014.2302294}}

@book{XuYu10,
	Author = {Xu Yu, J. and Qin, L. and Chang, L.},
	Bibsource = {dblp computer science bibliography, https://dblp.org},
	Biburl = {https://dblp.org/rec/bib/series/synthesis/2010Yu},
	Doi = {10.2200/S00231ED1V01Y200912DTM001},
	Publisher = {Morgan {\&} Claypool Publishers},
	Series = {Synthesis Lectures on Data Management},
	Timestamp = {Fri, 09 Jun 2017 11:04:28 +0200},
	Title = {Keyword Search in Databases},
	Url = {https://doi.org/10.2200/S00231ED1V01Y200912DTM001},
	Year = {2009},
	Bdsk-Url-1 = {https://doi.org/10.2200/S00231ED1V01Y200912DTM001}}

@inproceedings{BalogDbp13,
	Annote = {Paper on the Dbpedia-Entity benchmark},
	Author = {Balog, K. and Neumayer, R.},
	Bibsource = {dblp computer science bibliography, https://dblp.org},
	Biburl = {https://dblp.org/rec/bib/conf/sigir/BalogN13},
	Booktitle = {The 36th International {ACM} {SIGIR} conference on research and development in Information Retrieval},
	Crossref = {DBLP:conf/sigir/2013},
	Date-Modified = {2019-04-10 11:25:36 +0200},
	Doi = {10.1145/2484028.2484165},
	Pages = {737--740},
	Publisher = {{ACM}},
	Timestamp = {Tue, 06 Nov 2018 11:07:23 +0100},
	Title = {A test collection for entity search in DBpedia},
	Year = {2013},
	Bdsk-Url-1 = {https://doi.org/10.1145/2484028.2484165}}

@article{LUBM05,
	Author = {Guo, Y. and Pan, Z. and Heflin, J.},
	Bibsource = {dblp computer science bibliography, https://dblp.org},
	Biburl = {https://dblp.org/rec/bib/journals/ws/GuoPH05},
	Doi = {10.1016/j.websem.2005.06.005},
	Journal = {J. Web Semant.},
	Number = {2-3},
	Pages = {158--182},
	Timestamp = {Tue, 29 Jan 2019 12:27:03 +0100},
	Title = {{LUBM:} {A} benchmark for {OWL} knowledge base systems},
	Url = {https://doi.org/10.1016/j.websem.2005.06.005},
	Volume = {3},
	Year = {2005},
	Bdsk-Url-1 = {https://doi.org/10.1016/j.websem.2005.06.005}}

@inproceedings{WuSIGMOD18,
	Author = {Wu, Y. and Alawini, A. and Davidson, S. B. and Silvello, G.},
	Booktitle = {Proceedings of the 2018 International Conference on Management of Data, {SIGMOD}},
	Pages = {99--114},
	Timestamp = {Wed, 21 Nov 2018 12:44:08 +0100},
	Title = {Data Citation: Giving Credit Where Credit is Due},
	Year = {2018}}

@article{KoestenMGSR18,
	Author = {Koesten, L. and Mayr, P. and Groth, P. T. and Simperl, E. and de Rijke, M.},
	Journal = {{SIGIR} Forum},
	Number = {2},
	Pages = {117--124},
	Timestamp = {Thu, 28 Mar 2019 16:59:37 +0100},
	Title = {Report on the {DATA:} SEARCH'18 workshop - Searching Data on the Web},
	Volume = {52},
	Year = {2018}
	}

@article{BSBMS09,
	Author = {Bizer, C. and Schultz, A.},
	Journal = {Int. J. Semantic Web Inf. Syst.},
	Number = {2},
	Pages = {1--24},
	Timestamp = {Sat, 20 May 2017 00:24:06 +0200},
	Title = {The Berlin {SPARQL} Benchmark},
	Volume = {5},
	Year = {2009}
	}

@inproceedings{DossoS19,
	Author = {Dosso, D. and Silvello, G.},
	Booktitle = {Proceedings of the 42nd International {ACM} {SIGIR} conference on Research and Development in Information Retrieval, {SIGIR}},
	Title = {A Scalable Virtual Document-Based Keyword Search System for RDF Datasets},
	Year = {2019}}

@inproceedings{DossoECIR19,
	Author = {Dennis Dosso},
	Booktitle = {Advances in Information Retrieval - 41st European Conference on {IR} Research, {ECIR} 2019, Cologne, Germany, April 14-18, 2019, Proceedings, Part {II}},
	Pages = {332--336},
	Title = {Keyword Search on {RDF} Datasets},
	Year = {2019}}

@inproceedings{Hartig17,
	Author = {Hartig, O.},
	Booktitle = {Proceedings of the {ISWC} 2017 Posters {\&} Demonstrations and Industry Tracks co-located with 16th International Semantic Web Conference {(ISWC} 2017)},
	Publisher = {CEUR-WS.org},
	Series = {{CEUR} Workshop Proceedings},
	Title = {RDF* and SPARQL*: An Alternative Approach to Annotate Statements in {RDF}},
	Volume = {1963},
	Year = {2017}}

@inproceedings{LiuWC18,
	Author = {Liu, Z. and Wang, C. and Chen, Y.},
	Booktitle = {{ICDE}},
	Pages = {1807--1808},
	Publisher = {{IEEE} Computer Society},
	Title = {Keyword Search on Temporal Graphs},
	Year = {2018}}

@article{Lian0H15,
	Author = {Lian, X. and Chen, L. and Huang, Z.},
	Journal = {{IEEE} Trans. Knowl. Data Eng.},
	Number = {5},
	Pages = {1246--1260},
	Title = {Keyword Search Over Probabilistic {RDF} Graphs},
	Volume = {27},
	Year = {2015}}

@article{nasir2019,
	Author = {Nasir, J. A. and Varlamis, I. and Ishfaq, S.},
	Issn = {0306-4573},
	Journal = {Information Processing & Management},
	Number = {5},
	Pages = {1605 - 1617},
	Title = {A knowledge-based semantic framework for query expansion},
	Volume = {56},
	Year = {2019}}

@article{GarigliottiHB19,
	Author = {Garigliotti, D. and Hasibi, F. and Balog, F.},
	Journal = {Inf. Retr. Journal},
	Number = {3-4},
	Pages = {285--323},
	Title = {Identifying and exploiting target entity type information for ad hoc entity retrieval},
	Volume = {22},
	Year = {2019}}

@article{lineageCui,
	Annote = {Original paper on Lineage},
	Author = {Cui, Y. and Widom, J. and Wiener, J. L.},
	Journal = {{ACM} Trans. Database Syst.},
	Number = {2},
	Pages = {179--227},
	Title = {Tracing the lineage of view data in a warehousing environment},
	Volume = {25},
	Year = {2000}}




@article{CheneyProvSurvey,
  author    = {Cheney, J. and
               Chiticariu, L. and
               Tan, W.C.},
  title     = {Provenance in Databases: Why, How, and Where},
  journal   = {Foundations and Trends in Databases},
  volume    = {1},
  number    = {4},
  pages     = {379--474},
  year      = {2009}
}

@article{ZouP16,
  author    = {Zou, C. and
               Peterson, J. B.},
  title     = {Quantifying the scientific output of new researchers using the zp-index},
  journal   = {Scientometrics},
  volume    = {106},
  number    = {3},
  pages     = {901--916},
  year      = {2016}
}

@article{Cronin01,
  author    = {Cronin, B.},
  title     = {Hyperauthorship: {A} postmodern perversion or evidence of a structural
               shift in scholarly communication practices?},
  journal   = {{JASIST}},
  volume    = {52},
  number    = {7},
  pages     = {558--569},
  year      = {2001}
}


@article{Hartley17,
  author    = {Hartley, J.},
  title     = {Authors and their citations: a point of view},
  journal   = {Scientometrics},
  volume    = {110},
  number    = {2},
  pages     = {1081--1084},
  year      = {2017}
}

@article{Kosten16,
  author    = {Kosten, J.},
  title     = {A classification of the use of research indicators},
  journal   = {Scientometrics},
  volume    = {108},
  number    = {1},
  pages     = {457--464},
  year      = {2016}
}


@article{fair2016Wilikinson,
  title={The FAIR Guiding Principles for scientific data management and stewardship},
  author={Wilkinson, M. D. and Dumontier, M. and Aalbersberg, I. J. and Appleton, G. and Axton, M. and Baak, A. and Blomberg, N. and Boiten, J. and da Silva Santos, L. B. and Bourne, P. E. and others},
  journal={Scientific data},
  volume={3},
  year={2016},
  publisher={Nature Publishing Group}
}


@misc{pierce2019credit,
  title={Credit data generators for data reuse},
  author={Pierce, H. H. and Dev, A. and Statham, E. and Bierer, B. E.},
  year={2019},
  publisher={Nature Publishing Group}
}


@article{peerDatasets2015,
  title={Peer review of datasets: When, why, and how},
  author={Mayernik, M. S. and Callaghan, S. and Leigh, R. and Tedds, J. and Worley, S.},
  journal={Bulletin of the American Meteorological Society},
  volume={96},
  number={2},
  pages={191--201},
  year={2015}
}



@book{borgman2010scholarship,
  title={Scholarship in the digital age: Information, infrastructure, and the Internet},
  author={Borgman, C. L.},
  year={2010},
  publisher={MIT press},
  pages={131}
}

@misc{ams2010,
title={AMS and peer review},
author={LeMone, M. A. and Jorgensen, D. P.},
note={Preprint, 38th Conf. on Broadcast Meteorology},
year={2010}
}

@inproceedings{WhyProvBuneman,
  author    = {Buneman, P. and
               Khanna, S. and
               Tan, W. C.},
  title     = {Why and Where: {A} Characterization of Data Provenance},
  booktitle = {Database Theory - {ICDT} 2001, 8th International Conference},
  pages     = {316--330},
  year      = {2001}
}





@article{creditFang18,
  author    = {Fang, H.},
  title     = {A Discussion of citations from the perspective of the contribution
               of the cited paper to the citing paper},
  journal   = {{JASIST}},
  volume    = {69},
  number    = {12},
  pages     = {1513--1520},
  year      = {2018},
  annote = {seed paper on credit from paper to paper}
}



@article{transitiveCreditKatz2014,
  title={Transitive credit as a means to address social and technological concerns stemming from citation and attribution of digital products},
  author={Katz, D.},
  journal={Journal of Open Research Software},
  volume={2},
  number={1},
  year={2014},
  publisher={Ubiquity Press},
  annotate = {paper where the problem of giving credit to different entities is nominated}
}


@inproceedings{rdaAmsi2016,
  title={Citing Dynamic Data-Research Data Alliance working group recommendations},
  author={Asmi, A. and Rauber, A. and Pr{\"o}ll, S. and van Uytvanck, D.},
  booktitle={EGU General Assembly Conference Abstracts},
  volume={18},
  year={2016},
  annotate = {Paper on the RDA fourteen recomendations}
}

@misc{rdaStatement,
title={Making Data citable: Case statement},
author={{Research Data Alliance Working Group on Data Citation}},
note={\url{https://www.rd-alliance.org/group/data-citation-wg/case-statement/wg-data-citation-making-data-citable-case-statement.html}, online September 2020},
year={2020}
}


@article{zwolf2019implementing,
  title={Implementing in the VAMDC the New Paradigms for Data Citation from the Research Data Alliance},
  author={Zw{\"o}lf, C. M. and Moreau, N. and Ba, Y. A. and Dubernet, M. L.},
  journal={Data Science Journal},
  volume={18},
  number={1},
  year={2019},
  publisher={Ubiquity Press}
}


@inproceedings{eagleI2017,
  author    = {Alawini, A. and
               Chen, L. and
               Davidson, S. B. and
               Da Silva, N. P. and
               Silvello, G.},
  title     = {Automating Data Citation: The eagle-i Experience},
  booktitle = {2017 {ACM/IEEE} Joint Conference on Digital Libraries, {JCDL} 2017},
  pages     = {169--178},
  year      = {2017},
  organization = {IEEE}
}


@article{lynch2001documents,
  title={When documents deceive: Trust and provenance as new factors for information retrieval in a tangled web},
  author={Lynch, C. A.},
  journal={Journal of the American Society for Information Science and Technology},
  volume={52},
  number={1},
  pages={12--17},
  year={2001},
  publisher={John Wiley \& Sons, Inc. New York}
}




@article{SimmhanPG05,
  author    = {Simmhan, Y. and
               Plale, B. and
               Gannon, D.},
  title     = {A survey of data provenance in e-science},
  journal   = {{SIGMOD} Record},
  volume    = {34},
  number    = {3},
  pages     = {31--36},
  year      = {2005}
}


@article{vinay2020operator,
  title={Operator implementation of Result Set Dependent KWS scoring functions},
  author={Vinay, M. S. and Haritsa, J. R.},
  journal={Information Systems},
  volume={89},
  pages={101465},
  year={2020},
  publisher={Elsevier}
}

@inproceedings{tang2008arnetminer,
  title={{ArnetMiner}: extraction and mining of academic social networks},
  author={Tang, J. and Zhang, J. and Yao, L. and Li, J. and Zhang, L. and Su, Z.},
  booktitle={Proceedings of the 14th ACM SIGKDD international conference on Knowledge discovery and data mining},
  pages={990--998},
  year={2008},
  organization={ACM}
}




@article{price1965networks,
  title={Networks of scientific papers},
  author={de Solla Price, D. J.},
  journal={Science},
  pages={510--515},
  year={1965},
  publisher={JSTOR}
}

@article{DossoS20,
  title     = {Search Text to Retrieve Graphs: {A} Scalable {RDF} Keyword-Based Search
               System},
   author    = {Dosso, D. and
               Silvello, G. },
  journal   = {{IEEE} Access},
  volume    = {8},
  pages     = {14089--14111},
  year      = {2020}
}

@article{iuphar2018,
Author = {Harding, S. D. and Sharman, J. L. and Faccenda, E. and Southan, C. and Pawson, A. J. and Ireland, S. and Gray, A. J. G. and Bruce, L. and Alexander, S. P. H. and Anderton, S. and Bryant, C. and Davenport, A. P. and Doerig, C. and Fabbro, D. and Levi{-}Schaffer, F. and Spedding, M. and Davies, J. A. and Nc{-}Iuphar},
	Journal = {Nucleic Acids Research},
	Number = {Database-Issue},
	Pages = {D1091--D1106},
	title = {The {IUPHAR/BPS} Guide to {PHARMACOLOGY} in 2018: updates and expansion to encompass the new guide to {IMMUNOPHARMACOLOGY}},
	Volume = {46},
	Year = {2018},
	publisher={Oxford University Press}
}



@article{crosas2014evolution,
  title={The evolution of data citation: from principles to implementation},
  author={Altman, M. and Crosas, M.},
  journal={IAssist quarterly},
  volume={37},
  number={1-4},
  pages={62--62},
  year={2014}
}


@article{Silvello18jasist,
  author    = {Silvello, G.},
  title     = {Theory and practice of data citation},
  journal   = {J. Assoc. Inf. Sci. Technol.},
  volume    = {69},
  number    = {1},
  pages     = {6--20},
  year      = {2018},
  timestamp = {Mon, 02 Mar 2020 17:22:48 +0100},
}

@article{martone2014joint,
  title={Joint declaration of data citation principles},
  author={Martone, M.},
  journal={FORCE11. San Diego CA. Data Citation Synthesis Group.},
  year={2014},
  doi = {url{https://doi.org/10.25490/a97f-egyk}},
  note = {\url{https://www.force11.org/datacitationprinciples}, online September 2020}
}

@article{fenner2019data,
  title={A data citation roadmap for scholarly data repositories},
  author={Fenner, M. and Crosas, M. and Grethe, J. S. and Kennedy, D. and Hermjakob, H, and Rocca-Serra, P. and Durand, G. and Berjon, R. and Karcher, S. and Martone, M. and others},
  journal={Scientific data},
  volume={6},
  number={1},
  pages={1--9},
  year={2019},
  publisher={Nature Publishing Group}
}


@article{martyn1975citation,
  title={Citation analysis},
  author={Martyn, J.},
  journal={Journal of Documentation},
  year={1975},
  publisher={MCB UP Ltd}
}

@article{meho2007impact,
  title={Impact of data sources on citation counts and rankings of {LIS} faculty: Web of Science versus Scopus and Google Scholar},
  author={Meho, L. I. and Yang, K.},
  journal={Journal of the american society for information science and technology},
  volume={58},
  number={13},
  pages={2105--2125},
  year={2007},
  publisher={Wiley Online Library}
}

@article{katz2020SoftwareandData,
title={Software and Data Citation},
author={Katz, D. S. and Hong, N.P.C. and Clark, T. and Fenner, M. and Martone, M.E. },
journal={Computing in Science \& Engineering},
volume = {22 (2)},
pages={4-7},
year={2020},
publisher={IIE Xplore}
}

@article{CandelaEtAl2015,
  Author = {Candela, L. and Castelli, D. and Manghi, P. and Tani, A.},
  Date-Added = {2015-12-16 12:24:29 +0000},
  Date-Modified = {2015-12-16 12:24:53 +0000},
  Doi = {10.1002/asi.23358},
  Issn = {2330-1643},
  Journal = {Journal of the Association for Information Science and Technology},
  Keywords = {publications, alternative publications, data},
  Number = {9},
  Pages = {1747--1762},
  Title = {{Data Journals: A Survey}},
  Url = {http://dx.doi.org/10.1002/asi.23358},
  Volume = {66},
  Year = {2015},
  Bdsk-Url-1 = {http://dx.doi.org/10.1002/asi.23358}
 }

@article{zeng2020assigning,
  title={Assigning credit to scientific datasets using article citation networks},
  author={Zeng, T. and Wu, L. and Bratt, S. and Acuna, D. E.},
  journal={Journal of Informetrics},
  volume={14},
  number={2},
  year={2020},
  publisher={Elsevier}
}

@article{Wu2020ProvCite,
title={{ProvCite}: provenance-based data citation},
author={Wu, Y. and Alawini, A. and Deutch, D. and Milo, T. and Davidson, S. B.},
journal={Proceedings of the VLDB Endowment},
year={2019},
pages={738-751},
volume={12},
number={7},
publisher={VLDB Endowment}
}

@article{cousijn2019bringing,
  title={Bringing citations and usage metrics together to make data count},
  author={Cousijn, H. and Feeney, P. and Lowenberg, D. and Presani, E. and Simons, N.},
  journal={Data Science Journal},
  volume={18},
  number={1},
  year={2019},
  publisher={Ubiquity Press}
}

@book{cronin1984,
author={Cronin, B.},
year={1984},
title={The Citation Process. The Role and Significance of Citations in Scientific Communication.},
publisher={London: Taylor Graham}
}

@inproceedings{buneman2014computational,
  title={Computational challenges in data citation},
  author={Buneman, P. and Cohen-Boulakia, S. and Davidson, S. B. and Frew, J. and Tannen, V.},
  booktitle={Workshop report, University of Pennsylvania},
  year={2014}
}

@misc{longo2016data,
  title={Data sharing},
  author={Longo, D. L. and Drazen, J. M.},
  month = {Jan},
  year={2016},
  howpublished = {{\em The New England Journal of Medicine, Editorial. Mass Medical Soc.}},
  note = {{doi}: \url{10.1056/NEJMe1516564}},
}

@article{reactome2016,
  author    = {Joshi{-}Tope, G. and
               Gillespie, M. and
               Vastrik, I. and
               D'Eustachio, P. and
               Schmidt, E. and
               de Bono, B. and
               Jassal, B. and
               Gopinath, G. R. and
               Wu, G. R. and
               Matthews, L. and
               Lewis, S. and
               Birney, E. and
               Stein, L/},
  title     = {Reactome: a knowledgebase of biological pathways},
  journal   = {Nucleic Acids Research},
  volume    = {33},
  number    = {Database-Issue},
  pages     = {428--432},
  year      = {2005},
  url       = {https://doi.org/10.1093/nar/gki072},
  doi       = {10.1093/nar/gki072},
  timestamp = {Sat, 19 Oct 2019 19:30:20 +0200},
  biburl    = {https://dblp.org/rec/journals/nar/Joshi-TopeGVDSBJGWMLBS05.bib},
  bibsource = {dblp computer science bibliography, https://dblp.org}
}

@article{PineroBQGDCGSF17,
  author    = {Gonz{\'{a}}lez, J. P. 
  			and Bravo, A. and
                Queralt{-}Rosinach, N. and
                Guti{\'{e}}rrez{-}Sacrist{\'{a}}n, A. and
                Deu{-}Pons, J. and
               Centeno, E. and
               Garc{\'{\i}}a{-}Garc{\'{\i}}a, J. and
               Sanz, F. and
                Furlong, L. I.},
  title     = {DisGeNET: a comprehensive platform integrating information on human
               disease-associated genes and variants},
  journal   = {Nucleic Acids Research},
  volume    = {45},
  number    = {Database-Issue},
  pages     = {D833--D839},
  year      = {2017},
  url       = {https://doi.org/10.1093/nar/gkw943},
  doi       = {10.1093/nar/gkw943},
  timestamp = {Thu, 23 May 2019 15:01:04 +0200},
  biburl    = {https://dblp.org/rec/journals/nar/PineroBQGDCGSF17.bib},
  bibsource = {dblp computer science bibliography, https://dblp.org}
}


@book{abiteboul1995foundations,
  title={Foundations of databases},
  author={Abiteboul, S. and Hull, R. and Vianu, V.},
  volume={8},
  year={1995},
  publisher={Addison-Wesley Reading}
}



@article{Bechhofer2013linkisnotenough,
  author    = {Bechhofer, S. and
               Buchan, I. E. and
               De Roure, D. and
               Missier, P. and
               Ainsworth, J. D. and
               Bhagat, J. and
               Couch, P. A. and
               Cruickshank, D. and
               Delderfield, M. and
               Dunlop, I. and
               Gamble, M. and
               Michaelides, D. T. and
               Owen, S. and
               Newman, D. R. and
               Sufi, S. and
               Goble, C. A.},
  title     = {Why linked data is not enough for scientists},
  journal   = {Future Gener. Comput. Syst.},
  volume    = {29},
  number    = {2},
  pages     = {599--611},
  year      = {2013}
}




@article{DrugBank2018,
  author    = {Wishart, D. S. and
               Feunang, Y. D. and
               Guo, A. C. and
               Lo, E. J. and
               Marcu, A. and
               Grant, J. R. and
               Sajed, T. and
               Johnson, D. and
               Li, C. and
               Sayeeda, Z. and
               Assempour, N. and
               Iynkkaran, I. and
               Liu, Y. and
               Maciejewski, A. and
               Gale, N. and
               Wilson, A. and
               Chin, L. and
               Cummings, R. and
               Le, D. and
               Pon, A. and
               Knox, C. and
               Wilson, M.},
  title     = {DrugBank 5.0: a major update to the DrugBank database for 2018},
  journal   = {Nucleic Acids Research},
  volume    = {46},
  number    = {Database-Issue},
  pages     = {D1074--D1082},
  year      = {2018}
}

@article{nosek2015promoting,
  title={Promoting an open research culture},
  author={Nosek, B. A. and Alter, G. and Banks, G. C. and Borsboom, D. and Bowman, S. D. and Breckler, S. J. and Buck, S. and Chambers, C. D. and Chin, G. and Christensen, G. and Contestabile, M. and Dafoe, A. and Eich, E. and Freese, J. and Glennerster, R. and Goroff, D. and Green, D. P. and Hesse, B. and Humphreys, M. and Ishiyama, J. and Karlan, D. and Kraut, A. and Lupia, A. and Mabry, P. and Madon, T. and Malhotra, N. and Mayo-Wilson, E. and McNutt, M. and Miguel, M. and Paluck, E. L. and Simonsohn, U. and Soderberg, C. and Spellman, B. A. and Turitto, J. and VandenBos, G. and Vazire, S. and Wagenmakers, E. J. and Wilson, R. and Yarkoni, T.},
  journal={Science},
  volume={348},
  number={6242},
  pages={1422--1425},
  year={2015},
  publisher={American Association for the Advancement of Science}
}

@article{honor2016data,
  title={Data citation in neuroimaging: proposed best practices for data identification and attribution},
  author={Honor, L. B. and Haselgrove, C. and Frazier, J. A. and Kennedy, D. N.},
  journal={Frontiers in neuroinformatics},
  volume={10},
  pages={34},
  year={2016},
  publisher={Frontiers}
}

@book{ball2011cite,
  title={How to cite datasets and link to publications},
  author={Ball, A. and Duke, M.},
  year={2011},
  publisher={Digital Curation Centre}
}

@article{mooney2012anatomy,
  title={The anatomy of a data citation: Discovery, reuse, and credit},
  author={Mooney, H. and Newton, M. P.},
  year={2012},
  month = {05},
  journal = {Journal of Librarianship and Scholarly Communication},
  doi = {10.7710/2162-3309.1035},
  volume = {1}
}


@article{baggerly2010disclose,
  title={Disclose all data in publications},
  author={Baggerly, K.},
  journal={Nature},
  volume={467},
  number={7314},
  pages={401--401},
  year={2010},
  publisher={Nature Publishing Group}
}

@article{force2016research,
  title={Research data in journals and repositories in the web of science: Developments and recommendations},
  author={Force, M. and Robinson, N. and Matthews, M. and Auld, D. and Boletta, M.},
  journal={Bulletin of IEEE Technical Committee on Digital Libraries, Special Issue on Data Citation},
  volume={12},
  number={1},
  pages={27--30},
  year={2016}
}


@article{burton2017scholix,
  title={Scholix Metadata Schema for Exchange of Scholarly Communication Links},
  author={Burton, A. and Koers, H. and Manghi, P. and Stocker, M. and Fenner, M. and Aryani, A. and La Bruzzo, S. and Diepenbroek, M. and Schindler, U.},
  journal={CERN: Geneva, Switzerland},
  year={2017}
}


@article{Lo2019GORC,
  author    = {Lo, K. and
               Wang, L. L. and
               Neumann, M. and
               Kinney, R. and
               Weld, D. S.},
  title     = {{GORC:} {A} large contextual citation graph of academic papers},
  journal   = {CoRR},
  volume    = {abs/1911.02782},
  year      = {2019},
  url       = {http://arxiv.org/abs/1911.02782},
  archivePrefix = {arXiv},
  eprint    = {1911.02782},
  timestamp = {Wed, 18 Mar 2020 10:15:22 +0100},
  biburl    = {https://dblp.org/rec/journals/corr/abs-1911-02782.bib},
  bibsource = {dblp computer science bibliography, https://dblp.org}
}

@inproceedings{Bird2008,
  author    = {Bird, S. and
               Dale, R. and
               Dorr, B. J. and
               Gibson, B. R. and
               Joseph, M. T. and
               Kan, M. and
               Lee, D. and
               Powley, B. and
               Radev, D. R. and
               Tan, Y. F.},
  title     = {The {ACL} Anthology Reference Corpus: {A} Reference Dataset for Bibliographic
               Research in Computational Linguistics},
  booktitle = {Proceedings of the International Conference on Language Resources
               and Evaluation, {LREC}},
  publisher = {European Language Resources Association},
  year      = {2008},
  url       = {http://www.lrec-conf.org/proceedings/lrec2008/summaries/445.html},
  timestamp = {Mon, 19 Aug 2019 15:22:52 +0200},
  biburl    = {https://dblp.org/rec/conf/lrec/BirdDDGJKLPRT08.bib},
  bibsource = {dblp computer science bibliography, https://dblp.org}
}

@article{Clough2015,
  author    = {Clough, J. R.  and
               Gollings, J. and
               Loach, T. V. and
               Evans, T. S.},
  title     = {Transitive reduction of citation networks},
  journal   = {J. Complex Networks},
  volume    = {3},
  number    = {2},
  pages     = {189--203},
  year      = {2015},
  url       = {https://doi.org/10.1093/comnet/cnu039},
  doi       = {10.1093/comnet/cnu039},
  timestamp = {Wed, 14 Nov 2018 10:36:44 +0100},
  biburl    = {https://dblp.org/rec/journals/compnet/CloughGLE15.bib},
  bibsource = {dblp computer science bibliography, https://dblp.org}
  }


  @article{ShanablehAGFA19,
  author    = {Abdallah Shanableh and
               Rami Al{-}Ruzouq and
               Mohamed Barakat A. Gibril and
               Cristina Flesia and
               Saeed Al{-}Mansoori},
  title     = {Spatiotemporal Mapping and Monitoring of Whiting in the Semi-Enclosed
               Gulf Using Moderate Resolution Imaging Spectroradiometer {(MODIS)}
               Time Series Images and a Generic Ensemble Tree-Based Model},
  journal   = {Remote Sensing},
  volume    = {11},
  number    = {10},
  pages     = {1193},
  year      = {2019}
}

@misc{openAIRE2019,
author = {Manghi, P. and Bardi, A and Atzori, C. and Baglioni, M. and Manola, N. and Schirrwagen, J. and Principe, P.},
title = {The {OpenAIRE} Research Graph Data Model (Version 1.3)},
year = {2019},
day = {17},
month = {4},
howpublished = {{\em Zenodo}},
note = {\url{http://doi.org/10.5281/zenodo.2643199}, online September 2020}
}

@article{philipp2010cost733cat,
  title={Cost733cat--A database of weather and circulation type classifications},
  author={Philipp, A. and Bartholy, J. and Beck, C. and Erpicum, M. and Esteban, P. and Fettweis, X. and Huth, R, and James, P. and Jourdain, S. and Kreienkamp, F. and Krennert, T.  and Lykoudis, S. and Michalides, S. C. and Pianko-Kluczynska, Post, K. P. and Álvarez, D. R. Schiemann, R. and Spekat, A. and Tymvios, F. S.},
  journal={Physics and Chemistry of the Earth, Parts A/B/C},
  volume={35},
  number={9-12},
  pages={360--373},
  year={2010},
  publisher={Elsevier}
}


@inproceedings{2015Sinha,
    author = {Sinha, S. and Shen, Z. and Song, Y. and Ma, H. and  Eide, D. and Hsu, B. J. P. and Wang, K.},
    title = {An Overview of {Microsoft Academic Service} ({MAS}) and Applications},
    booktitle = {Proceedings of the 24th International Conference on World Wide Web (WWW ’15 Companion)}, 
    organization = {ACM}, 
    address = {New York, NY, USA},
    pages = {243-246},
    year = {2015},
    DOI=  {http://dx.doi.org/10.1145/2740908.2742839}
}

@inproceedings{Farber19Microsoft,
  author    = {F{\"{a}}rber, M.},
  title     = {The Microsoft Academic Knowledge Graph: {A} Linked Data Source with
               8 Billion Triples of Scholarly Data},
  booktitle = {{ISWC} {(2)}},
  series    = {Lecture Notes in Computer Science},
  volume    = {11779},
  pages     = {113--129},
  publisher = {Springer},
  year      = {2019}
}

  @inproceedings{VirtualDocs,
  title     = {A Virtual Document Approach for Keyword Search in Databases},
  booktitle = {{DATA}},
  pages     = {39--48},
  publisher = {{SciTePress}},
  year      = {2012},
  author = {Lopez{-}Veyna, J. I. and
               Sosa-Sosa, V. J. and
               L{\'{o}}pez{-}Ar{\'{e}}valo, I.}
}

@Misc{MAGschema,
  title = 	 {Microsoft Academic Graph data schema},
  year = {2020},
  note = 	 {\url{https://docs.microsoft.com/en-us/academic-services/graph/reference-data-schema}, online March 2020}}

@article{falagas2008comparison,
  title={Comparison of PubMed, Scopus, web of science, and Google scholar: strengths and weaknesses},
  author={Falagas, M. E and Pitsouni, E. I. and Malietzis, G. A. and Pappas, G.},
  journal={The FASEB journal},
  volume={22},
  number={2},
  pages={338--342},
  year={2008},
  publisher={Federation of American Societies for Experimental Biology}
}

@article{roberts2001pubmed,
  title={PubMed Central: The GenBank of the published literature},
  author={Roberts, R. J.},
  year={2001},
  publisher={Proceedings of the National Academy of Sciences of the United States of America},
  volume={98},
  number={2},
  pages = {381-2},
  doi={https://doi.org/10.1073/pnas.98.2.38}
}

@article{burnham2006scopus,
  title={Scopus database: a review},
  author={Burnham, J. F.},
  journal={Biomedical digital libraries},
  volume={3},
  number={1},
  pages={1},
  year={2006},
  publisher={BioMed Central}
}

@article{fricke2018semantic,
  title={Semantic scholar},
  author={Fricke, S.},
  journal={Journal of the Medical Library Association: JMLA},
  volume={106},
  number={1},
  pages={145},
  year={2018},
  publisher={Medical Library Association}
}

@article{berners2001semantic,
  title={The Semantic Web},
  author={Berners-Lee, T. and Hendler, J. and Lassila, O.},
  journal={Scientific american},
  volume={284},
  number={5},
  pages={34--43},
  year={2001},
  publisher={JSTOR}
}


@inproceedings{haase2004comparison,
  title={A comparison of {RDF} query languages},
  author={Haase, P. and Broekstra, J. and Eberhart, S. and Volz, R.},
  booktitle={International Semantic Web Conference},
  pages={502--517},
  year={2004},
  publisher={Springer},
  volume = {3298},
  series = {Lecture Notes in Computer Science}
}



@inproceedings{furche2006RDF,
  author    = {Furche, T. and
               Linse, B. and
               Bry, F. and
               Plexousakis, D. and
               Gottlob, G.},
  title     = {{RDF} Querying: Language Constructs and Evaluation Methods Compared},
  booktitle = {Reasoning Web},
  series    = {Lecture Notes in Computer Science},
  volume    = {4126},
  pages     = {1--52},
  publisher = {Springer},
  year      = {2006}
}

@misc{Prud2008,
title = {{SPARQL} query language for {RDF}},
author = {Prud'hommeaux, E. and Seaborne, A.},
year = {2008},
note = {W3C recommendation, \url{http://www.w3.org/TR/rdf-sparql-query/}, online September 2020}
}



@inproceedings{han17keyword,
  author    = {Han, S. and
               Zou, L. and
               Yu, J. X. and
               Zhao, D.},
  title     = {Keyword Search on {RDF} Graphs - {A} Query Graph Assembly Approach},
  booktitle = {{CIKM}},
  pages     = {227--236},
  publisher = {{ACM}},
  year      = {2017}
}

@article{paskin2010digital,
  title={Digital object identifier ({DOI}{\textregistered}) system},
  author={Paskin, N.},
  journal={Encyclopedia of library and information sciences},
  volume={3},
  pages={1586--1592},
  year={2010},
  publisher={Taylor \& Francis England}
}

@book{egghe1990introduction,
  title={Introduction to informetrics: {Q}uantitative methods in library, documentation and information science},
  author={Egghe, L. and Rousseau, R.},
  year={1990},
  publisher={Elsevier Science Publishers}
}

@online{mit2020Plagiarism,
title = {Avoiding Plagiarims - Cite Your Source},
url = {https://integrity.mit.edu/handbook/citing-your-sources/avoiding-plagiarism-cite-your-source},
note = {{A}cademic Integrity at MIT, A Handbook for Students, \url{https://integrity.mit.edu/handbook/citing-your-sources/avoiding-plagiarism-cite-your-source}, online April 2020},
urldate = {2020-04-20},
year = {2020}
}

@online{ACS2020CitationGuide,
title = {Citation Guide, Guide to various citation styles},
url = {https://libguides.usc.edu/c.php?g=235076&p=1561830},
note = {{R}esearch Guide at {U}niversity of {S}outhern {C}alifornia, \url{https://libguides.usc.edu/c.php?g=235076&p=1561830}, online April 2020},
publisher = {USC},
urldate = {2020-04-20},
year = {2020}
}

@book{price2008mhra,
  title={MHRA style guide: a handbook for authors, editors, and writers of theses},
  author={Price, G. and Richardson, B.},
  year={2008},
  publisher={MHRA}
}

@article{harvard2000bluebook,
  title={Goodbye to the Bluebook},
  author={Posner, R. A.},
  journal={The University of Chicago Law Review},
  volume={53},
  number={4},
  pages={1343--1368},
  year={1986},
  publisher={JSTOR}
}

@article{dwyer1995guide,
  title={A guide to the Harvard referencing system},
  author={Dwyer, M.},
  journal={British journal of Nursing},
  volume={4},
  number={10},
  pages={599--602},
  year={1995},
  publisher={MA Healthcare London}
}


@article{jones1973review,
  title={A review of style guides},
  author={Jones, D. D.},
  journal={IEEE Transactions on Professional Communication},
  number={1},
  pages={18--22},
  year={1973},
  publisher={IEEE}
}

@article{frost1979use,
  title={The use of citations in literary research: A preliminary classification of citation functions},
  author={Frost, C. O.},
  journal={The Library Quarterly},
  volume={49},
  number={4},
  pages={399--414},
  year={1979},
  publisher={University of Chicago Press}
}

@article{wang2019review,
  title={A Review of {Microsoft Academic Services} for Science of Science Studies},
  author={Wang, K. and Shen, Z. and Huang, C. and Wu, C. and Eide, D. and Dong, Y. and Qian, J. and Kanakia, A. and Chen, A. and Rogahn, R.},
  journal={Frontiers in Big Data},
  volume={2},
  pages={45},
  year={2019},
  publisher={Frontiers}
}

@article{WanZZT19,
  author    = {Wan, H. and
               Zhang, Y. and
               Zhang, J. and
               Tang, J.},
  title     = {{AMiner}: Search and Mining of Academic Social Networks},
  journal   = {Data Intell.},
  volume    = {1},
  number    = {1},
  pages     = {58--76},
  year      = {2019}
}

@Misc{aminer,
  title = 	 {AMiner},
  note = 	 {\url{https://www.aminer.cn/}, online March 2020}}


@article{jones2011identifying,
  title={Identifying and relating biological concepts in the Catalogue of Life},
  author={Jones, A. C. and White, R. J. and Orme, E. R.},
  journal={Journal of biomedical semantics},
  volume={2},
  number={1},
  pages={7},
  year={2011},
  publisher={Springer}
}

@article{gtopdbexample, 
title={Melatonin receptors (version 2019.4) in the IUPHAR/BPS Guide to Pharmacology Database}, volume={2019}, url={http://journals.ed.ac.uk/gtopdb-cite/article/view/3192}, DOI={10.2218/gtopdb/F39/2019.4}, number={4}, journal={IUPHAR/BPS Guide to Pharmacology CITE}, author={Cardinali, Daniel P. and Delagrange, Philippe and Dubocovich, Margarita L. and Jockers, Ralf and Krause, Diana N. and Markus, Regina Pekelmann and Olcese, James and Pintor, Jesús and Renault, Nicolas and Sugden, David and Tosini, Gianluca and Zlotos, Darius Paul}, year={2019}, month={Sep.}
}

@article{examode_example_2, 
title={Pattern recognition receptors (version 2019.4) in the IUPHAR/BPS Guide to Pharmacology Database}, volume={2019}, url={http://journals.ed.ac.uk/gtopdb-cite/article/view/3276}, DOI={10.2218/gtopdb/F302/2019.4}, number={4}, journal={IUPHAR/BPS Guide to Pharmacology CITE}, author={Bryant, Clare and Monie, Tom P.}, year={2019}, month={Sep.}
}

@misc{weinstock1971citation,
  title={Citation indexes. encyclopedia of library and information science. volume 5. eds. a. kent \& h. lancour},
  author={Weinstock, M.},
  year={1971},
  publisher={New York: Marcel Dekker Inc.}
}

@book{gottschalk1969understanding,
  title={Understanding history: A primer of historical method},
  author={Gottschalk, L. R.},
  year={1969},
  publisher={Random House Inc}
}

@article{fister2016toward,
  title={Toward the discovery of citation cartels in citation networks},
  author={Fister Jr, I. and Fister, I. and Perc, M.},
  journal={Frontiers in Physics},
  volume={4},
  pages={49},
  year={2016},
  publisher={Frontiers}
}


@book{nicholas1978literature,
  title={Literature and bibliometrics},
  author={Nicholas, David and Ritchie, Maureen},
  year={1978},
  publisher={C. Bingley}
}

@article{hood2001literature,
  title={The literature of bibliometrics, scientometrics, and informetrics},
  author={Hood, W. and Wilson, C.},
  journal={Scientometrics},
  volume={52},
  number={2},
  pages={291--314},
  year={2001},
  publisher={Akad{\'e}miai Kiad{\'o}, co-published with Springer Science+ Business Media BV}
}

@article{nalimov1969naukometriya,
  title={Naukometriya, Izuchenie Razvitiya Nauki kak Informatsionnogo Protsessa.[Measurement of Science: the Study of the Development of Science as an Information Process]},
  author={Nalimov, V. V. and Mul’chenko, Z. M.},
  journal={Wydawnictwo “Nauka”, Moskwa},
  year={1969},
  note = {English translation: 1971. Washington, D.C.: Foreign Technology Division. U.S. Air Force Systems Command, Wright-Patterson AFB, Ohio. (NTIS Report No.AD735634)}
}


@article{wilson1999informetrics,
  title={Informetrics},
  author={Wilson, C. S.},
  journal={Annual Review of Information Science and Technology (ARIST)},
  volume={34},
  pages = {3, 143},
  year={2001},
  note = {Medford, NJ: Information Today, Inc. for the American Society for Information Science}
}

@article{leydesdorff2012scientometrics,
  title={Scientometrics},
  author={Leydesdorff, L. and Milojevi{\'c}, S.},
  journal={arXiv preprint arXiv:1208.4566},
  year={2012}
}

@misc{garfield1999journal,
  title={Journal impact factor: a brief review},
  author={Garfield, Eugene},
  year={1999},
  note={{\em Can. Med. Assoc.}, 979-980},
  pages = {979-980}
}


@article{hirsch2005index,
  title={An index to quantify an individual's scientific research output},
  author={Hirsch, J. E.},
  journal={Proceedings of the National academy of Sciences},
  volume={102},
  number={46},
  pages={16569--16572},
  year={2005},
  publisher={National Academy of Sciences}
}

@article{bornmann2009state,
  title={The state of h index research},
  author={Bornmann, L. and Daniel, H. D.},
  journal={EMBO reports},
  volume={10},
  number={1},
  pages={2--6},
  year={2009},
  publisher={John Wiley \& Sons, Ltd}
}


@misc{daquino2020OpenCitations,
title = {The {OpenCitations} Data Model},
author = {Daquino, M and Peroni, S. and Shotton, D.},
year = {2020},
version = {2.0.1 Figshare},
note = {\url{https://doi.org/10.6084/m9.figshare.3443876, online September 2020}}
}

@article{peroni2020opencitations,
  title={OpenCitations, an infrastructure organization for open scholarship},
  author={Peroni, S. and Shotton, D.},
  journal={Quantitative Science Studies},
  volume={1},
  number={1},
  pages={428--444},
  year={2020},
  publisher={MIT Press}
}


@inproceedings{bizer2008linked,
  title={Linked data: Principles and state of the art},
  author={Bizer, C. and Heath, T. and Berners-Lee, T.},
  booktitle={World wide web conference},
  volume={1},
  pages={40},
  year={2008}
}

@online{semanticscholar,
  title = 	 {Semantic Scholar},
  note = 	 {\url{https://www.semanticscholar.org/}, online March 2020},
  year={2020},
  urldate={2020-04-03}}
  
 @article{Magrane2011,
  Author = {Magrane, M. and UniProt Consortium},
  Date-Added = {2019-11-18 16:27:36 +0100},
  Date-Modified = {2019-11-18 16:28:04 +0100},
  Doi = {10.1093/database/bar009},
  Eprint = {http://oup.prod.sis.lan/database/article-pdf/doi/10.1093/database/bar009/1257039/bar009.pdf},
  Issn = {1758-0463},
  Journal = {Database},
  Month = {03},
  Note = {bar009},
  Title = {{UniProt Knowledgebase: a hub of integrated protein data}},
  Url = {https://doi.org/10.1093/database/bar009},
  Volume = {2011},
  Year = {2011},
  Bdsk-Url-1 = {https://doi.org/10.1093/database/bar009}
 }

@article{gky1049,
    author = {The UniProt Consortium},
    title = "{UniProt: a worldwide hub of protein knowledge}",
    journal = {Nucleic Acids Research},
    volume = {47},
    number = {D1},
    pages = {D506-D515},
    year = {2018},
    month = {11},
    issn = {0305-1048},
    doi = {10.1093/nar/gky1049}
}

@misc{wilkeblog,
 author = 	 {Wilke, C.},
  title = 	 {What constitutes a citable scientific work?},
  published = {The Serial Mentor},
  month = 	 {Jan},
  year = 	 {2015},
  note = 	 {\url{https://serialmentor.com/blog/2015/1/2/what-constitutes-a-citable-scientific-work}, online September 2020},
  annote = 	 {}
}

@Misc{eatonblog,
  author = 	 {Eaton, S. E.},
  year = {2020},
  title = 	 {What's the difference between a citation and a reference?},
  note = 	 {\url{https://drsaraheaton.wordpress.com/2013/10/18/whats-the-difference-between-a-citation-and-a-reference/}, online March 2020}}
  
@Misc{mcadooblog,
  author = 	 {McAdoo, T.},
  title = 	 {References Versus Citations},
  howpublished = {APA Style Blog},
  note = 	 {\url{https://blog.apastyle.org/apastyle/apa-style-blog-6th-edition-archive.html}, online March 2020},
  year = {2020}}
  
 @Misc{nzblog,
  title = 	 {The difference between references and citations},
  note = 	 {\url{https://www.openpolytechnic.ac.nz/current-students/study-tips-and-techniques/apa-referencing-and-avoiding-plagiarism/the-difference-between-references-and-citations/}, online March 2020}}
  
  @article{Shotton2010,
  Author = {Shotton, D.},
  Date-Added = {2019-11-04 16:32:21 +0100},
  Date-Modified = {2019-11-04 16:32:41 +0100},
  Doi = {10.1186/2041-1480-1-S1-S6},
  Isbn = {2041-1480},
  Journal = {{Journal of Biomedical Semantics}},
  Number = {1},
  Pages = {S6},
  Title = {{CiTO, the Citation Typing Ontology}},
  Url = {https://doi.org/10.1186/2041-1480-1-S1-S6},
  Volume = {1},
  Year = {2010},
  Bdsk-Url-1 = {https://doi.org/10.1186/2041-1480-1-S1-S6}}
  
@article{garfield2006history,
  title={The history and meaning of the journal impact factor},
  author={Garfield, E.},
  journal={Jama},
  volume={295},
  number={1},
  pages={90--93},
  year={2006},
  publisher={American Medical Association}
} 

@inproceedings{TangZYLZS08,
  author    = {Tang, T. and
               Zhang, J. and
               Yao, L. and
               Li, J. and
               Zhang, L. and
               Su, Z.},
  title     = {ArnetMiner: {E}xtraction and Mining of Academic Social Networks},
  booktitle = {{KDD}},
  pages     = {990--998},
  publisher = {{ACM}},
  year      = {2008}
}

@article{justice1998moderate,
  author =        {Justice, C. O. and Vermote, E. and
                   Townshend, J. R. G. and Defries, R. and Roy, D. P. and
                   Hall, D. K. and Salomonson, V. V. and
                   Privette, J. L. and Riggs, G. and
                   Strahler, A. and Lucht, W.
                   and Ranga, P. M. and Knyazikhin, Y. and Running, S. W. and Nemani, R. R. and Wan, Z. and Huete, A. R. and van Leeuwen, W. and Wolfe, R. E. and Giglio, L. and Muller, J. P. and Lewis, P. and Barnsley, M. J.},
  journal =       {IEEE transactions on geoscience and remote sensing},
  number =        {4},
  pages =         {1228--1249},
  publisher =     {IEEE},
  title =         {The Moderate Resolution Imaging Spectroradiometer
                   (MODIS): Land remote sensing for global change
                   research},
  volume =        {36},
  year =          {1998},
}

@misc{datacite2016datacite,
  title={DataCite metadata schema for the publication and citation of research data},
  author={{DataCite Metadata Working Group} and others},
  year={2016},
  publisher={Version 4.0},
  journal = {DataCite e.V.},
  note = {Version 4.0, \url{http://doi.org/10.5438/0012}}
}

@article{starr2011iscitedby,
  title={{isCitedBy}: {A} metadata scheme for {DataCite}},
  author={Starr, J. and Gastl, A.},
  year={2011},
  journal = {D-Lib Magazine},
  year = {2011},
  month = {1/2},
  volume = {17},
  number = {1/2}
}


@inproceedings{ProllR13,
  author =        {Pr{\"{o}}ll, S. and Rauber, A.},
  booktitle =     {Proceedings of the 2013 {IEEE} International
                   Conference on Big Data, 6-9 October 2013, Santa
                   Clara, CA, {USA}},
  pages =         {307--312},
  title =         {Scalable data citation in dynamic, large databases:
                   Model and reference implementation},
  year =          {2013},
  biburl =        {http://dblp.uni-trier.de/rec/bib/conf/bigdataconf/ProllR13},
  doi =           {10.1109/BigData.2013.6691588},
  url =           {http://dx.doi.org/10.1109/BigData.2013.6691588},
}

f
@book{berstel1985theory,
  title={Theory of codes},
  author={Berstel, J. and Perrin, D.},
  year={1985},
  publisher={Academic Press}
}

@inproceedings{buneman2002propagation,
  title={On propagation of deletions and annotations through views},
  author={Buneman, P. and Khanna, A. and Tan, W. C.},
  booktitle={Proceedings of the twenty-first ACM SIGMOD-SIGACT-SIGART symposium on Principles of database systems},
  pages={150--158},
  year={2002}
}

@misc{openAIREblog,
title = {The {OpenAIRE} Research Graph},
author = {Manghi, P.},
note = {\url{https://www.openaire.eu/blogs/the-openaire-research-graph}, online September 2020},
month = {September},
year = {2019}
}


@misc{openAIREblogb,
author = {Fava, I.},
note = {\url{https://www.openaire.eu/openaire-research-graph-open-for-comments}, online September 2020},
year = {2020},
month = {January},
title = {OpenAIRE Research Graph: Connecting Open Science – Consultation Phase}
}
	
@misc{hey2009jim,
  title={Jim {Gray} on {eScience}: a Transformed Scientific Method.},
  author={Hey, T. and Tansley, S. and Tolle, K. M.},
  year={2009}
}

@book{hey2009fourth,
  title={The fourth paradigm: data-intensive scientific discovery},
  author={Hey, T. and Tansley, S. and Tolle, K.},
  volume={1},
  year={2009},
  publisher={Microsoft research Redmond, WA}
}

@book{fienberg1985sharing,
  title={Sharing research data.},
  author={Fienberg, S. E. and Martin, M. E. and Straf, M. L.},
  year={1985},
  publisher={National Academy Press}
}

@online{fairPrinciples,
author={},
title = {Fair principles},
year = {2020},
note = {\url{https://www.go-fair.org/fair-principles/}, online July 2020},
}

@article{parsons2019history,
  title={The History and Future of Data Citation in Practice},
  author={Parsons, M. A. and Duerr, R. E. and Jones, M. B.},
  journal={Data Science Journal},
  volume={18},
  number={1},
  year={2019},
  publisher={Ubiquity Press}
}

@incollection{bizer2011linked,
  title={Linked data: The story so far},
  author={Bizer, C. and Heath, T. and Berners-Lee, T.},
  booktitle={Semantic services, interoperability and web applications: emerging concepts},
  pages={205--227},
  year={2011},
  publisher={IGI Global}
}

@misc{linkedDataPrinciples,
author = {Berners-Lee, T.},
title = {Linked Data},
note = {\url{https://www.w3.org/DesignIssues/LinkedData.html}, online September 2020},
year={2006},
month={07}}

@inproceedings{han2017keyword,
  title={Keyword search on {RDF} graphs-a query graph assembly approach},
  author={Han, S. and Zou, L. and Yu, J. X. and Zhao, D.},
  booktitle={Proceedings of the 2017 ACM on Conference on Information and Knowledge Management (CIKM)},
  pages={227--236},
  year={2017}
}  
  
@misc{rda2020,
author = {{RDA Data Citation Working Group}},
year={2020},
title = {Mtg@P15},
note = {\url{https://rd-alliance.org/system/files/documents/RDA-DC-Recommendations\_151020.pdf}, online September 2020}
}

@article{weiss2008hexastore,
  title={Hexastore: sextuple indexing for semantic web data management},
  author={Weiss, C. and Karras, P. and Bernstein, A.},
  journal={Proceedings of the VLDB Endowment},
  volume={1},
  number={1},
  pages={1008--1019},
  year={2008},
  publisher={VLDB Endowment}
}

@mastersthesis{steiger2010data,
  title={Data lineage/provenance in {XQuery}},
  author={Steiger, B.},
  year={2010},
  school={ETH Zurich, Systems Group}
}

@inproceedings{gosswein2019data,
  title={Data identification and process monitoring for reproducible earth observation research},
  author={G{\"o}{\ss}wein, B. and Miksa, T. and Rauber, A. and Wagner, W.},
  booktitle={2019 15th International Conference on eScience (eScience)},
  pages={28--38},
  year={2019},
  organization={IEEE}
}

@article{Dubernet_2016,
	doi = {10.1088/0953-4075/49/7/074003},
	url = {https://doi.org/10.1088%2F0953-4075%2F49%2F7%2F074003},
	year = 2016,
	month = {mar},
	publisher = {{IOP} Publishing},
	volume = {49},
	number = {7},
	pages = {074003},
	author = {Dubernet, M. L. and Antony, B. K. and Ba, Y. A. and others},
	title = {The virtual atomic and molecular data centre ({VAMDC}) consortium},
	journal = {Journal of Physics B: Atomic, Molecular and Optical Physics},
	abstract = {The Virtual Atomic and Molecular Data Centre (VAMDC) Consortium is a worldwide consortium which federates atomic and molecular databases through an e-science infrastructure and an organisation to support this activity. About 90% of the inter-connected databases handle data that are used for the interpretation of astronomical spectra and for modelling in many fields of astrophysics. Recently the VAMDC Consortium has connected databases from the radiation damage and the plasma communities, as well as promoting the publication of data from Indian institutes. This paper describes how the VAMDC Consortium is organised for the optimal distribution of atomic and molecular data for scientific research. It is noted that the VAMDC Consortium strongly advocates that authors of research papers using data cite the original experimental and theoretical papers as well as the relevant databases.}
}

@article{rodriguez2015efficient,
  title={Efficient {SPARQL-to-SQL} with {R2RML} mappings},
  author={Rodriguez-Muro, M. and Rezk, M.},
  journal={Journal of Web Semantics},
  volume={33},
  pages={141--169},
  year={2015},
  publisher={Elsevier}
}

@misc{uniprot2017uniprot,
author = {{UniProt Consortium}},
  title={UniProt: the universal protein Knowledge Base},
  journal={Nucleic acids research},
  volume={45},
  number={D1},
  pages={D158--D169},
  year={2017},
  publisher={Oxford University Press}
}

@inproceedings{bertin2011million,
author = {Bertin-Mahieux, Thierry and Ellis, Daniel and Whitman, Brian and Lamere, Paul},
year = {2011},
month = {01},
pages = {591-596},
title = {The Million Song Dataset.},
booktitle = {Proceedings of the 12th International Conference on Music Information Retrieval (ISMIR 2011)}
}

@misc{introPID,
title = {Introducing the {PID} Graph},
author = {Fenner, M. and Aryani, A.},
year = {2019},
day = {28},
month = {3}, 
note = {\url{https://doi.org/10.5438/jwvf-8a66}, online September 2020},
publisher = {FREYA Blog}
}


@misc{poweringPID,
title = {Powering the {PID} Graph: announcing the {DataCite} {GraphQL} {API}},
author = {Fenner, M.},
note = {\url{https://doi.org/10.5438/yfck-mv39}, online September 2020},
year = {2020}, 
month = {5},
day = {6}
}

@conference{Aryani2017,
title = {Research Graph: Building a Distributed Graph of Scholarly Works using Research Data Switchboard},
author = {Aryani, A. and Wang, J.},
url = {https://figshare.com/articles/Research_Graph_Building_a_Distributed_Graph_of_Scholarly_Works_using_Research_Data_Switchboard/4742413},
doi = {10.4225/03/58c696655af8a},
year = {2017},
date = {2017-06-01},
booktitle = {Open Repositories Conference},
publisher={Monash University},
keywords = {},
pubstate = {published},
tppubtype = {conference}
}

@article{peroni2020opencitations,
  title={OpenCitations, an infrastructure organization for open scholarship},
  author={Peroni, S. and Shotton, D.},
  journal={Quantitative Science Studies},
  volume={1},
  number={1},
  pages={428--444},
  year={2020},
  publisher={MIT Press}
}


@misc{openDataModel2020,
author = {Daquino, M. and Peroni, S. and Shotton, D. and Colavizza, G. and Ghavimi, B. and Lauscher, A. and Mayr-Schlegel, P. and Romanello, M. and Zumstein, P.},
year = {2020},
title = {The {OpenCitations} Data Model},
note = {arXiv: \url{http://arxiv.org/abs/2005.11981}}
}

@article{singh2020data,
  title={Data Blending},
  author={Singh, L. and Traugott, M. and Bode, L. and Budak, C. and Davis-Kean, P. E. and Guha, R. and Ladd, J. and Mneimneh, Z. and Nguyen, Q. and Pasek, J. and Raghunathan, T. and Ryan, R. and Soroka, S. and Wahedi, L.},
  year={2020},
  note = {MDI report}
}


@article{mingers2015review,
  title={A Review of Theory and Practice in Scientometrics},
  author={Mingers, J. and Leydesdorff, L.},
  journal={European journal of operational research},
  volume={246},
  number={1},
  pages={1--19},
  year={2015},
  publisher={Elsevier}
}


@article{garfield1955citation,
  title={Citation indexes for science},
  author={Garfield, E.},
  journal={Science},
  volume={122},
  number={3159},
  pages={108--111},
  year={1955},
  publisher={JSTOR}
}

@article{price1976general,
  title={A general theory of bibliometric and other cumulative advantage processes},
  author={de Solla Price, D. J.},
  journal={Journal of the American society for Information science},
  volume={27},
  number={5},
  pages={292--306},
  year={1976},
  publisher={Wiley Online Library}
}

@article{merton1968matthew,
  title={The {Matthew} effect in science: The reward and communication systems of science are considered},
  author={Merton, R. K.},
  journal={Science},
  volume={159},
  number={3810},
  pages={56--63},
  year={1968},
  publisher={American Association for the Advancement of Science}
}

@article{merton1988matthew,
  title={The {Matthew} effect in science, II: Cumulative advantage and the symbolism of intellectual property},
  author={Merton, R. K.},
  journal={Isis},
  volume={79},
  number={4},
  pages={606--623},
  year={1988},
  publisher={Department of History and Science, University of Pennsylvania}
}

@article{elkana1978toward,
  title={Toward a metric of science: the advent of science indicators},
  author={Elkana, Y. and Lederberg, J. and Merton, R. and Thackray, A. and Zuckerman, H.},
  year={1978},
  publisher={New York, Wiley}
}

@techreport{garfield1964use,
  title={The use of citation data in writing the history of science},
  author={Garfield, E. and Sher, I. H. and Torpie, R. J.},
  year={1964},
  institution={Institute for Scientific Information Inc. Philadelphia PA}
}

@article{marshakova1973bibliographic,
  title={Bibliographic coupling system based on references},
  author={Marshakova, I.},
  journal={Nauchno-Tekhnicheskaya Informatsiya Seriya, Ser},
  volume={2},
  number={6},
  pages={3--8},
  year={1973}
}

@book{de2018exploratory,
  title={Exploratory social network analysis with Pajek: Revised and expanded edition for updated software},
  author={De Nooy, W. and Mrvar, A. and Batagelj, V.},
  volume={46},
  year={2018},
  publisher={Cambridge University Press}
}

@inproceedings{KuhnBNK13,
	Author = {Kuhn, T. and Barbano, P. E. and Nagy, M. L. and Krauthammer, M.},
	Bibsource = {dblp computer science bibliography, https://dblp.org},
	Biburl = {https://dblp.org/rec/conf/esws/KuhnBNK13.bib},
	Booktitle = {{Proc. of the Semantic Web: Semantics and Big Data, 10th International Conference, {ESWC} 2013}},
	Date-Added = {2020-05-17 11:15:51 +0200},
	Date-Modified = {2020-05-17 11:16:56 +0200},
	Doi = {10.1007/978-3-642-38288-8\_33},
	Pages = {487--501},
	Publisher = {Springer},
	Series = {LNCS},
	Timestamp = {Tue, 14 May 2019 10:00:44 +0200},
	Title = {{Broadening the Scope of Nanopublications}},
	Url = {https://doi.org/10.1007/978-3-642-38288-8\_33},
	Volume = {7882},
	Year = {2013},
	Bdsk-Url-1 = {https://doi.org/10.1007/978-3-642-38288-8%5C_33}}
	
	
@article{MonsEtAl2011,
	Annote = {10.1038/ng0411-281},
	Author = {Mons, B. and van Haagen, H. and Chichester, C. and Hoen, P.-B. and den Dunnen, J. T. and van Ommen, G. and van Mulligen, E. and Singh, B. and Hooft, R.and Roos, M. and Hammond, J. and Kiesel, B. and Giardine, B. and Velterop, J. and Groth, P. and Schultes, E.},
	Date = {2011/04//print},
	Date-Added = {2017-05-04 13:01:14 +0000},
	Date-Modified = {2017-05-04 13:02:27 +0000},
	Isbn = {1061-4036},
	Journal = {Nature Genetics},
	L3 = {http://www.nature.com/ng/journal/v43/n4/abs/ng0411-281.html#supplementary-information},
	M3 = {10.1038/ng0411-281},
	Month = {04},
	Number = {4},
	Pages = {281--283},
	Publisher = {Nature Publishing Group, a division of Macmillan Publishers Limited. All Rights Reserved.},
	Title = {The value of data},
	Ty = {JOUR},
	Url = {http://dx.doi.org/10.1038/ng0411-281},
	Volume = {43},
	Year = {2011},
	Bdsk-Url-1 = {http://dx.doi.org/10.1038/ng0411-281}}
	
@article{WaagmeesterEtAl2016,
	Author = {Waagmeester, A. AND Kutmon, M. AND Riutta, A. AND Miller, R. AND Willighagen, E. L. AND Evelo, C. T. AND Pico, A. R.},
	Doi = {10.1371/journal.pcbi.1004989},
	Journal = {PLOS Computational Biology},
	Month = {06},
	Number = {6},
	Pages = {1-11},
	Publisher = {Public Library of Science},
	Title = {{Using the Semantic Web for Rapid Integration of WikiPathways with Other Biological Online Data Resources}},
	Url = {https://doi.org/10.1371/journal.pcbi.1004989},
	Volume = {12},
	Year = {2016},
	Bdsk-Url-1 = {https://doi.org/10.1371/journal.pcbi.1004989}}
	
@article{Queralt-Rosinach15,
	Author = {Queralt{-}Rosinach, N. and Kuhn, T. and Chichester, C. and Dumontier, M. and Sanz, F. and Furlong, L. I.},
	Doi = {10.3233/SW-150189},
	Journal = {Semantic Web},
	Number = {5},
	Pages = {519--528},
	Timestamp = {Wed, 25 Sep 2019 17:53:41 +0200},
	Title = {{Publishing DisGeNET as Nanopublications}},
	Url = {https://doi.org/10.3233/SW-150189},
	Volume = {7},
	Year = {2016},
	Bdsk-Url-1 = {https://doi.org/10.3233/SW-150189}}
	
	
@article{ChichesterKGLMB15,
	Author = {Chichester, C. and Karch, O. and Gaudet, P. and Lane, L. and Mons, B. and Bairoch, A.},
	Bibsource = {dblp computer science bibliography, https://dblp.org},
	Biburl = {https://dblp.org/rec/journals/semweb/ChichesterKGLMB15.bib},
	Date-Added = {2020-05-22 11:21:58 +0200},
	Date-Modified = {2020-05-22 11:22:26 +0200},
	Doi = {10.3233/SW-140149},
	Journal = {Semantic Web},
	Number = {2},
	Pages = {147--153},
	Timestamp = {Thu, 08 Jun 2017 08:58:40 +0200},
	Title = {{Converting neXtProt into Linked Data and nanopublications}},
	Url = {https://doi.org/10.3233/SW-140149},
	Volume = {6},
	Year = {2015},
	Bdsk-Url-1 = {https://doi.org/10.3233/SW-140149}}

@book{borgman2012attribution,
  title={Why are the attribution and citation of scientific data important?},
  author={Borgman, C. L.},
  year={2012},
  note = {University of California, UCLA}
}


@article{piwowar2013data,
  title={Data reuse and the open data citation advantage},
  author={Piwowar, Heather A and Vision, Todd J},
  journal={PeerJ},
  volume={1},
  pages={e175},
  year={2013},
  publisher={PeerJ Inc.}
}

@inproceedings{damasio2012provenance,
  title={Provenance for SPARQL queries},
  author={Dam{\'a}sio, C. V. and Analyti, A. and Antoniou, G.},
  booktitle={International Semantic Web Conference},
  pages={625--640},
  year={2012},
  organization={Springer}
}

@inproceedings{flouris2009coloring,
  title={Coloring RDF triples to capture provenance},
  author={Flouris, G. and Fundulaki, I. and Pediaditis, P. and Theoharis, Y. and Christophides, V.},
  booktitle={International Semantic Web Conference},
  pages={196--212},
  year={2009},
  organization={Springer}
}

@article{geerts2016algebraic,
  title={Algebraic structures for capturing the provenance of SPARQL queries},
  author={Geerts, F. and Unger, T. and Karvounarakis, G. and Fundulaki, I. and Christophides, V.},
  journal={Journal of the ACM (JACM)},
  volume={63},
  number={1},
  pages={1--63},
  year={2016},
  publisher={ACM New York, NY, USA}
}

@incollection{karvounarakis2013provenance,
  title={Provenance for linked data},
  author={Karvounarakis, G. and Fundulaki, I. and Christophides, V.},
  booktitle={In Search of Elegance in the Theory and Practice of Computation},
  pages={366--381},
  year={2013},
  publisher={Springer}
}

@article{theoharis2010provenance,
  title={On provenance of queries on semantic web data},
  author={Theoharis, Y. and Fundulaki, I. and Karvounarakis, G. and Christophides, V.},
  journal={IEEE Internet Computing},
  volume={15},
  number={1},
  pages={31--39},
  year={2010},
  publisher={IEEE}
}


@article{foucault1979authorship,
  title={Authorship: what is an author?},
  author={Foucault, M.},
  journal={Screen},
  volume={20},
  number={1},
  pages={13--34},
  year={1979},
  publisher={Oxford University Press}
}




@article{wouters2014citation,
  title={The citation: From culture to infrastructure},
  author={Wouters, P.},
  journal={Beyond bibliometrics: Harnessing multidimensional indicators of scholarly impact},
  pages={47--66},
  year={2014},
  publisher={MIT press Cambridge, MA}
}

@InProceedings{Casanova2019Keyword,
author="Casanova, M. A.",
editor="Laender, Alberto H. F.
and Pernici, Barbara
and Lim, Ee-Peng
and de Oliveira, Jos{\'e} Palazzo M.",
title="Keyword Search over {RDF} Datasets",
booktitle="Conceptual Modeling",
year="2019",
publisher="Springer International Publishing",
address="Cham",
pages="7--10",
abstract="This extended abstract first introduces the problem of keyword search overRDF datasets. Then, it expands the discussion to cover the question of serendipitous search as a strategy to diversify answers. Finally, it briefly presents the entity relatedness problem, which refers to the problem of exploring an RDF dataset to discover and understand how two entities are connected.",
isbn="978-3-030-33223-5"
}


@inproceedings{menendez2019novel,
  title={Novel Node Importance Measures to Improve Keyword Search over {RDF} Graphs},
  author={Menendez, E. S. and Casanova, M. A. and Paes Leme, L. A. P. and Boughanem, M.},
  booktitle={International Conference on Database and Expert Systems Applications},
  pages={143--158},
  year={2019},
  organization={Springer}
}

@inproceedings{izquierdo2018quiow,
  title={QUIOW: a keyword-based query processing tool for RDF datasets and relational databases},
  author={Izquierdo, V. T. and Garc{\'\i}a, G. M. and Menendez, E. S. and Casanova, M. A. and Dartayre, F. and Levy, C. H.},
  booktitle={International Conference on Database and Expert Systems Applications},
  pages={259--269},
  year={2018},
  organization={Springer}
}


@article {Siler360,
	author = {Siler, K. and Lee, K. and Bero, L.},
	title = {Measuring the effectiveness of scientific gatekeeping},
	volume = {112},
	number = {2},
	pages = {360--365},
	year = {2015},
	doi = {10.1073/pnas.1418218112},
	publisher = {National Academy of Sciences},
	abstract = {Peer review is an institution of enormous importance for the careers of scientists and the content of published science. The decisions of gatekeepers{\textemdash}editors and peer reviewers{\textemdash}legitimize scientific findings, distribute professional rewards, and influence future research. However, appropriate data to gauge the quality of gatekeeper decision-making in science has rarely been made publicly available. Our research tracks the popularity of rejected and accepted manuscripts at three elite medical journals. We found that editors and reviewers generally made good decisions regarding which manuscripts to promote and reject. However, many highly cited articles were surprisingly rejected. Our research suggests that evaluative strategies that increase the mean quality of published science may also increase the risk of rejecting unconventional or outstanding work.Peer review is the main institution responsible for the evaluation and gestation of scientific research. Although peer review is widely seen as vital to scientific evaluation, anecdotal evidence abounds of gatekeeping mistakes in leading journals, such as rejecting seminal contributions or accepting mediocre submissions. Systematic evidence regarding the effectiveness{\textemdash}or lack thereof{\textemdash}of scientific gatekeeping is scant, largely because access to rejected manuscripts from journals is rarely available. Using a dataset of 1,008 manuscripts submitted to three elite medical journals, we show differences in citation outcomes for articles that received different appraisals from editors and peer reviewers. Among rejected articles, desk-rejected manuscripts, deemed as unworthy of peer review by editors, received fewer citations than those sent for peer review. Among both rejected and accepted articles, manuscripts with lower scores from peer reviewers received relatively fewer citations when they were eventually published. However, hindsight reveals numerous questionable gatekeeping decisions. Of the 808 eventually published articles in our dataset, our three focal journals rejected many highly cited manuscripts, including the 14 most popular; roughly the top 2 percent. Of those 14 articles, 12 were desk-rejected. This finding raises concerns regarding whether peer review is ill-suited to recognize and gestate the most impactful ideas and research. Despite this finding, results show that in our case studies, on the whole, there was value added in peer review. Editors and peer reviewers generally{\textemdash}but not always{\textemdash}made good decisions regarding the identification and promotion of quality in scientific manuscripts.},
	issn = {0027-8424},
	URL = {https://www.pnas.org/content/112/2/360},
	eprint = {https://www.pnas.org/content/112/2/360.full.pdf},
	journal = {Proceedings of the National Academy of Sciences}
}



@article{buneman2019summ,
  author    = {Peter Buneman and
               Greig Christie and
               Jamie A. Davies and
               Roza Dimitrellou and
               Simon D. Harding and
               Adam J. Pawson and
               Joanna L. Sharman and
               Yinjun Wu},
  title     = {Why data citation isn't working, and what to do about it},
  journal   = {Database J. Biol. Databases Curation},
  volume    = {2020},
  year      = {2020},
  url       = {https://doi.org/10.1093/databa/baaa022},
  doi       = {10.1093/databa/baaa022},
  timestamp = {Mon, 26 Oct 2020 08:30:50 +0100},
  biburl    = {https://dblp.org/rec/journals/biodb/BunemanCDDHPSW20.bib},
  bibsource = {dblp computer science bibliography, https://dblp.org}
}

  
 @article{examodeCitingPaper,
  title={Anti-inflammatory therapies in myocardial infarction: failures, hopes and challenges},
  author={Huang, S. and Frangogiannis, N. G.},
  journal={British journal of pharmacology},
  volume={175},
  number={9},
  pages={1377--1400},
  year={2018},
  publisher={Wiley Online Library}
}

@article{citingPaper2,
  title={A clinically relevant decrease in abiraterone exposure associated with carbamazepine use in a patient with castration-resistant metastatic prostate cancer},
  author={Benoist, G. E. and van der Doelen, M. J. and ter Heine, R. and van Erp, N. P. and Mehra, N.},
  journal={British Journal of Clinical Pharmacology},
  volume={84},
  number={5},
  pages={1064--1067},
  year={2018},
  publisher={Wiley Online Library}
}

@inproceedings{chu2017cosette,
  title={Cosette: An Automated Prover for {SQL}.},
  author={Chu, S. and Wang, C. and Weitz, K. and Cheung, A.},
  booktitle={CIDR 2017},
  year={2017},
  Month={January}
}


@article{chu2018axiomatic,
  title={Axiomatic foundations and algorithms for deciding semantic equivalences of SQL queries},
  author={Chu, S. and Murphy, B. and Roesch, J. and Cheung, A. and Suciu, D.},
  journal={Proceedings of the VLDB Endowment},
  volume={11},
  number={11},
  pages={1482--1495},
  year={2018},
  publisher={VLDB Endowment}
}

@inproceedings{chandra1977optimal,
  title={Optimal implementation of conjunctive queries in relational data bases},
  author={Chandra, A. K. and Merlin, P. M.},
  booktitle={Proceedings of the ninth annual ACM symposium on Theory of computing},
  pages={77--90},
  year={1977}
}

@inproceedings{cohen1999rewriting,
  title={Rewriting aggregate queries using views},
  author={Cohen, S. and Nutt, W. and Serebrenik, A.},
  booktitle={Proceedings of the eighteenth ACM SIGMOD-SIGACT-SIGART symposium on Principles of database systems},
  pages={155--166},
  year={1999}
}

@article{peroni2012fabio,
  title={{FaBiO} and {CiTO}: ontologies for describing bibliographic resources and citations},
  author={Peroni, S. and Shotton, D.},
  journal={Journal of Web Semantics},
  volume={17},
  pages={33--43},
  year={2012},
  publisher={Elsevier}
}

@article{rowleyDKIW,
  title={The wisdom hierarchy: representations of the DIKW hierarchy},
  author={Rowley, J.},
  journal={Journal of information science},
  volume={33},
  number={2},
  pages={163--180},
  year={2007},
  publisher={Sage Publications Sage CA: Thousand Oaks, CA}
}

@article{ackoff1989data,
  title={From data to wisdom},
  author={Ackoff, R. L.},
  journal={Journal of applied systems analysis},
  volume={16},
  number={1},
  pages={3--9},
  year={1989}
}

@article{zins2007conceptual,
  title={Conceptual approaches for defining data, information, and knowledge},
  author={Zins, C.},
  journal={Journal of the American society for information science and technology},
  volume={58},
  number={4},
  pages={479--493},
  year={2007},
  publisher={Wiley Online Library}
}


@article{hey2005cyberinfrastructure,
  title={Cyberinfrastructure for e-Science},
  author={Hey, T. and Trefethen, A. E.},
  journal={Science},
  volume={308},
  number={5723},
  pages={817--821},
  year={2005},
  publisher={American Association for the Advancement of Science}
}

@article{niemeyer2016challenge,
  title={The challenge and promise of software citation for credit, identification, discovery, and reuse},
  author={Niemeyer, K. E. and Smith, A. M, and Katz, D. S.},
  journal={Journal of Data and Information Quality (JDIQ)},
  volume={7},
  number={4},
  pages={1--5},
  year={2016},
  publisher={ACM New York, NY, USA}
}

@article{mcnaught2015changing,
  title={The changing publication practices in academia: Inherent uses and issues in open access and online publishing and the rise of fraudulent publications},
  author={McNaught, K.},
  journal={Journal of Electronic Publishing},
  volume={18},
  number={3},
  year={2015},
  publisher={Michigan Publishing, University of Michigan Library}
}


@misc{esip2019,
author={{ESIP Data Preservation and Stewardship Committee (EDPSC)}},
year={2019},
title={Data Citation Guidelines for Earth Science Data, Version 2},
doi={https://doi.org /10.6084/m9.ﬁgshare.8441816.v1},
note={Version 2, Earth Science Information Partners}
}

@article{rauber2015data,
  title={Data citation of evolving data: Recommendations of the Working Group on Data Citation (WGDC)},
  author={Rauber, A. and Asmi, A. and van Uytvanck, D. and Proell, S.},
  journal={Result of the RDA Data Citation WG},
  volume={20},
  year={2015}
}

@article{kratz2015researcher,
  title={Researcher perspectives on publication and peer review of data},
  author={Kratz, J. E. and Strasser, C.},
  journal={PLoS One},
  volume={10},
  number={2},
  pages={e0117619},
  year={2015},
  publisher={Public Library of Science}
}

@article{bernknopf2019cost,
  title={The cost-effectiveness of satellite Earth observations to inform a post-wildfire response},
  author={Bernknopf, R. and Kuwayama, Y. and Gibson, R. and Blakely, J. and Mabee, B. and Clifford, T.J. and Quayle, B. and Epting, J. and Hardy, T. and Goodrich, D.},
  journal={Resources for the Future},
  year={2019}
}

@article{cooke2020market,
  title={Market-based methods for monetizing uncertainty reduction},
  author={Cooke, R. and Golub, A.},
  journal={Environment Systems and Decisions},
  volume={40},
  number={1},
  pages={3--13},
  year={2020},
  publisher={Springer}
}

@article{alliez2019attributing,
  title={Attributing and referencing (research) software: Best practices and outlook from inria},
  author={Alliez, P. and Di Cosmo, R. and Guedj, B. and Girault, A. and Hacid, M. S. and Legrand, A. and Rougier, N.},
  journal={Computing in Science \& Engineering},
  volume={22},
  number={1},
  pages={39--52},
  year={2019},
  publisher={IEEE}
}

@misc{niso2016,
title={Outputs of the {NISO} alternative assessment metrics project: A Recommended Practice of the {National Information Standards Organization}},
year={2020},
author={{National Information Standards Organization (NISO)}},
note={\url{https://www.niso.org/publications/rp-25-2016-altmetrics}, online September 2020},
isbn={978-1-937522-71-1}
}

@phdthesis{saraiya1991subtree,
  title={Subtree-Elimination Algorithms in Deductive Databases},
  author={Saraiya, Y.},
  year={1991},
  publisher = {Stanford University},
  note = {Stanford University CA. Department of computer science}
}

@article{milo2019getting,
  title={Getting Rid of Data},
  author={Milo, T.},
  journal={Journal of Data and Information Quality (JDIQ)},
  volume={12},
  number={1},
  pages={1--7},
  year={2019},
  publisher={ACM New York, NY, USA}
}

@article{ur2016big,
  title={Big data reduction methods: a survey},
  author={Ur Rehman, M. H. and Liew, C. S. and Abbas, A. and Jayaraman, P. P. and Wah, T. V. and Khan, S. U.},
  journal={Data Science and Engineering},
  volume={1},
  number={4},
  pages={265--284},
  year={2016},
  publisher={Springer}
}

@article{zhao2018data,
  title={Data set mentions and citations: A content analysis of full-text publications},
  author={Zhao, M. and Yan, E. and Li, K.},
  journal={Journal of the Association for Information Science and Technology},
  volume={69},
  number={1},
  pages={32--46},
  year={2018},
  publisher={Wiley Online Library}
}


@online{DublinCore,
title={Dublin Core},
author={{Dublin Core Metadata Initiative}},
url={http://www.dublincore.org/specifications/dublin-core},
urldate = {2020-08-02}
}

@article{koutris2015query,
  title={Query-based data pricing},
  author={Koutris, P. and Upadhyaya, P. and Balazinska, M. and Howe, B. and Suciu, D.},
  journal={Journal of the ACM (JACM)},
  volume={62},
  number={5},
  pages={1--44},
  year={2015},
  publisher={ACM New York, NY, USA}
}


@incollection{balazinska2013discussion,
  title={A discussion on pricing relational data},
  author={Balazinska, M. and Howe, Bill and Koutris, P. and Suciu, D. and Upadhyaya, P.},
  booktitle={In Search of Elegance in the Theory and Practice of Computation},
  pages={167--173},
  year={2013},
  publisher={Springer}
}

@article{dosso2020prov,
title={Data Provenance for Attributes: Attribute Lineage}, 
author={Dosso, D. and Davidson, S. B. and Silvello, G.},
year={2020}, 
journal={Proceedings of ProvWeek 2020, 12th Workshop on Theory and Practice of Provenance (TaPP 2020)}}


 @misc{fane2019report, 
 title={The State of Open Data Report}, 
 note={\url{https://digitalscience.figshare.com/articles/report/The_State_of_Open_Data_Report_2019/9980783/2} online September 2020}, 
 DOI={10.6084/m9.figshare.9980783.v2}, 
 abstractNote={The State of Open Data 2019 report is the fourth in the series and includes survey results and a collection of articles from global industry experts.
It is now the longest running longitudinal study on the subject, which was created in 2016 to examine attitudes and experiences of researchers working with open data – sharing it, reusing it, and redistributing it. This year’s survey received a record number of survey participants with around 8,500 responses from the research community.

While most trends are encouraging around the adoption and acceptance of open data, the research community is now demanding more enforcement of the mandates that have been adopted by many governments, funders, publishers and institutions around the world.

The majority of researchers want funding withheld and penalties for a lack of data sharing.
}, 
publisher={Digital Science}, 
author={Fane, B. and Ayris, P. and Hahnel, M. and Hrynaszkiewicz, I. and Baynes, G. and Farrell, E.}, 
year={2019}, 
month={Oct} 
}

@article{dosso2020data,
  title={Data credit distribution: A new method to estimate databases impact},
  author={Dosso, D. and Silvello, G.},
  journal={Journal of Informetrics},
  volume={14},
  number={4},
  pages={101080},
  year={2020},
  publisher={Elsevier}
}



@article{arenasGKMZ16,
  author    = {Arenas, M. and
               Cuenca Grau, B. and
               Kharlamov, E. and
               Marciuska, S. and
               Zheleznyakov, D.},
  title     = {Faceted search over RDF-based knowledge graphs},
  journal   = {J. Web Semant.},
  volume    = {37-38},
  pages     = {55--74},
  year      = {2016},
  url       = {https://doi.org/10.1016/j.websem.2015.12.002},
  doi       = {10.1016/j.websem.2015.12.002},
  timestamp = {Tue, 29 Jan 2019 12:27:04 +0100},
  biburl    = {https://dblp.org/rec/journals/ws/ArenasGKMZ16.bib},
  bibsource = {dblp computer science bibliography, https://dblp.org}
}



@inproceedings{fafaliosT13,
  author    = {Fafalios, P. and
               Tzitzikas, Y.},
  editor    = {Gareth J. F. Jones and
               Paraic Sheridan and
               Diane Kelly and
               Maarten de Rijke and
               Tetsuya Sakai},
  title     = {{X-ENS:} semantic enrichment of web search results at real-time},
  booktitle = {The 36th International {ACM} {SIGIR} conference on research and development
               in Information Retrieval, {SIGIR} '13, Dublin, Ireland - July 28 -
               August 01, 2013},
  pages     = {1089--1090},
  publisher = {{ACM}},
  year      = {2013},
  url       = {https://doi.org/10.1145/2484028.2484200},
  doi       = {10.1145/2484028.2484200},
  timestamp = {Tue, 06 Nov 2018 11:07:24 +0100},
  biburl    = {https://dblp.org/rec/conf/sigir/FafaliosT13.bib},
  bibsource = {dblp computer science bibliography, https://dblp.org}
}



@inproceedings{heimZL08,
  author    = {Heim, P. and
               Ziegler, J. and
               Lohmann, S.},
  editor    = {S{\"{o}}ren Auer and
               Sebastian Dietzold and
               Steffen Lohmann and
               J{\"{u}}rgen Ziegler},
  title     = {gFacet: {A} Browser for the Web of Data},
  booktitle = {Proceedings of the International Workshop on Interacting with Multimedia
               Content in the Social Semantic Web (IMC-SSW'08) Koblenz, Germany,
               December 3, 2008},
  series    = {{CEUR} Workshop Proceedings},
  volume    = {417},
  publisher = {CEUR-WS.org},
  year      = {2008},
  url       = {http://ceur-ws.org/Vol-417/paper5.pdf},
  timestamp = {Wed, 12 Feb 2020 16:44:59 +0100},
  biburl    = {https://dblp.org/rec/conf/samt/HeimZL08.bib},
  bibsource = {dblp computer science bibliography, https://dblp.org}
}


@misc{noy2001ontology,
  title={Ontology development 101: A guide to creating your first ontology},
  author={Noy, N. F. and McGuinness, D. L.},
  year={2001},
  publisher={Stanford knowledge systems laboratory technical report KSL-01-05},
  note={\url{http://www.ksl.stanford.edu/people/dlm/papers/ontology101/ontology101-noy-mcguinness.html}, online September 2020}
}

@article{hitzler2009owl,
  title={OWL 2 web ontology language primer},
  author={Hitzler, P. and Kr{\"o}tzsch, M. and Parsia, B. and Patel-Schneider, P. F. and Rudolph, S. and others},
  journal={W3C recommendation},
  volume={27},
  number={1},
  pages={123},
  year={2009},
  publisher={World Wide Web Consortium (W3C)}
}




@article{BurtonKMBADS17,
  author    = {Burton, A. and
               Koers, H. and
               Manghi, P. and
               La Bruzzo, S. and
               Aryani, A. and
               Diepenbroek, M. and
               Schindler, U.},
  title     = {The data-literature interlinking service: Towards a common infrastructure
               for sharing data-article links},
  journal   = {Program},
  volume    = {51},
  number    = {1},
  pages     = {75--100},
  year      = {2017},
  url       = {https://doi.org/10.1108/PROG-06-2016-0048},
  doi       = {10.1108/PROG-06-2016-0048},
  timestamp = {Wed, 14 Nov 2018 10:27:00 +0100},
  biburl    = {https://dblp.org/rec/journals/program/BurtonKMBADS17.bib},
  bibsource = {dblp computer science bibliography, https://dblp.org}
}




@incollection{PehcevskiP09,
  author    = {Pehcevski, J. and
               Piwowarski, B.},
  editor    = {Ling Liu and
               M. Tamer {\"{O}}zsu},
  title     = {Evaluation Metrics for Structured Text Retrieval},
  booktitle = {Encyclopedia of Database Systems},
  pages     = {1015--1024},
  publisher = {Springer {US}},
  year      = {2009},
  url       = {https://doi.org/10.1007/978-0-387-39940-9\_152},
  doi       = {10.1007/978-0-387-39940-9\_152},
  timestamp = {Sun, 02 Jun 2019 21:10:27 +0200},
  biburl    = {https://dblp.org/rec/reference/db/PehcevskiP09.bib},
  bibsource = {dblp computer science bibliography, https://dblp.org}
}


@inproceedings{weir2020dbpal,
  title={{DBPal}: A Fully Pluggable {NL2SQL} Training Pipeline},
  author={Weir, Nathaniel and Utama, Prasetya and Galakatos, Alex and Crotty, Andrew and Ilkhechi, Amir and Ramaswamy, Shekar and Bhushan, Rohin and Geisler, Nadja and H{\"a}ttasch, Benjamin and Eger, Steffen and others},
  booktitle={Proceedings of the 2020 ACM SIGMOD International Conference on Management of Data},
  pages={2347--2361},
  year={2020}
}



@article{ChocklerH04,
  author    = {Hana Chockler and
               Joseph Y. Halpern},
  title     = {Responsibility and Blame: {A} Structural-Model Approach},
  journal   = {J. Artif. Intell. Res.},
  volume    = {22},
  pages     = {93--115},
  year      = {2004},
  url       = {https://doi.org/10.1613/jair.1391},
  doi       = {10.1613/jair.1391},
  timestamp = {Mon, 21 Jan 2019 15:01:17 +0100},
  biburl    = {https://dblp.org/rec/journals/jair/ChocklerH04.bib},
  bibsource = {dblp computer science bibliography, https://dblp.org}
}


