%% This BibTeX bibliography file was created using BibDesk.
%% http://bibdesk.sourceforge.net/

%% Created for Erika Fabris at 2020-04-07 2:11:19 AM +0200 


%% Saved with string encoding Unicode (UTF-8) 



@proceedings{zz-TPDL2019,
	Date-Added = {2020-04-07 2:10:50 AM +0200},
	Date-Modified = {2020-04-07 2:10:50 AM +0200},
	Doi = {10.1007/978-3-030-30760-8},
	Editor = {Antoine Doucet and Antoine Isaac and Koraljka Golub and Trond Aalberg and Adam Jatowt},
	Isbn = {978-3-030-30759-2},
	Publisher = {Springer},
	Series = {Lecture Notes in Computer Science},
	Timestamp = {Thu, 14 Nov 2019 15:37:03 +0100},
	Title = {Digital Libraries for Open Knowledge - 23rd International Conference on Theory and Practice of Digital Libraries, {TPDL} 2019, Oslo, Norway, September 9-12, 2019, Proceedings},
	Url = {https://doi.org/10.1007/978-3-030-30760-8},
	Volume = {11799},
	Year = {2019},
	Bdsk-Url-1 = {https://doi.org/10.1007/978-3-030-30760-8}}

@proceedings{zz-WSDM2018,
	Bibsource = {dblp computer science bibliography, https://dblp.org},
	Biburl = {https://dblp.org/rec/bib/conf/wsdm/2018},
	Booktitle = {{Proc. of the Eleventh {ACM} International Conference on Web Search and Data Mining, {WSDM} 2018}},
	Date-Added = {2019-02-18 10:00:44 +0100},
	Date-Modified = {2019-02-18 10:01:17 +0100},
	Editor = {Yi Chang and Chengxiang Zhai and Yan Liu and Yoelle Maarek},
	Publisher = {{ACM Press, New York, USA}},
	Timestamp = {Mon, 05 Feb 2018 16:32:12 +0100},
	Title = {{Proc. of the Eleventh {ACM} International Conference on Web Search and Data Mining, {WSDM} 2018}},
	Url = {http://dl.acm.org/citation.cfm?id=3159652},
	Year = {2018},
	Bdsk-Url-1 = {http://dl.acm.org/citation.cfm?id=3159652}}

@proceedings{zz-WWW2017,
	Bibsource = {dblp computer science bibliography, https://dblp.org},
	Biburl = {https://dblp.org/rec/bib/conf/www/2017},
	Date-Added = {2019-02-18 09:58:34 +0100},
	Date-Modified = {2019-02-18 09:58:54 +0100},
	Doi = {10.1145/3038912},
	Editor = {Rick Barrett and Rick Cummings and Eugene Agichtein and Evgeniy Gabrilovich},
	Isbn = {978-1-4503-4913-0},
	Publisher = {{ACM Press, New York, USA}},
	Timestamp = {Tue, 06 Nov 2018 16:57:07 +0100},
	Title = {{Proc. of the 26th International Conference on World Wide Web, {WWW} 2017}},
	Url = {https://doi.org/10.1145/3038912},
	Year = {2017},
	Bdsk-Url-1 = {https://doi.org/10.1145/3038912}}

@proceedings{zz-WWW2016,
	Bibsource = {dblp computer science bibliography, https://dblp.org},
	Biburl = {https://dblp.org/rec/bib/conf/www/2016},
	Booktitle = {{Proc. of the 25th International Conference on World Wide Web, {WWW} 2016}},
	Date-Added = {2019-02-18 09:53:00 +0100},
	Date-Modified = {2019-02-18 09:53:27 +0100},
	Editor = {Jacqueline Bourdeau and Jim Hendler and Roger Nkambou and Ian Horrocks and Ben Y. Zhao},
	Isbn = {978-1-4503-4143-1},
	Publisher = {{ACM}},
	Timestamp = {Sun, 10 Apr 2016 10:51:59 +0200},
	Title = {{Proc. of the 25th International Conference on World Wide Web, {WWW} 2016}},
	Url = {http://dl.acm.org/citation.cfm?id=2872427},
	Year = {2016},
	Bdsk-Url-1 = {http://dl.acm.org/citation.cfm?id=2872427}}

@proceedings{zz-CIKM2016,
	Bibsource = {dblp computer science bibliography, https://dblp.org},
	Biburl = {https://dblp.org/rec/bib/conf/cikm/2016},
	Booktitle = {{Proc. of the 25th {ACM} International Conference on Information and Knowledge Management, {CIKM} 2016}},
	Date-Added = {2019-02-18 09:46:38 +0100},
	Date-Modified = {2019-02-18 09:47:09 +0100},
	Doi = {10.1145/2983323},
	Editor = {Snehasis Mukhopadhyay and ChengXiang Zhai and Elisa Bertino and Fabio Crestani and Javed Mostafa and Jie Tang and Luo Si and Xiaofang Zhou and Yi Chang and Yunyao Li and Parikshit Sondhi},
	Isbn = {978-1-4503-4073-1},
	Publisher = {{ACM Press, New York, USA}},
	Timestamp = {Wed, 14 Nov 2018 11:00:19 +0100},
	Title = {{Proc. of the 25th {ACM} International Conference on Information and Knowledge Management, {CIKM} 2016}},
	Url = {https://doi.org/10.1145/2983323},
	Year = {2016},
	Bdsk-Url-1 = {https://doi.org/10.1145/2983323}}

@proceedings{zz-ADCS2015,
	Bibsource = {dblp computer science bibliography, https://dblp.org},
	Biburl = {https://dblp.org/rec/bib/conf/adcs/2015},
	Booktitle = {{Proc. of the 20th Australasian Document Computing Symposium, {ADCS} 2015}},
	Date-Added = {2019-02-18 09:41:51 +0100},
	Date-Modified = {2019-02-18 09:42:40 +0100},
	Doi = {10.1145/2838931},
	Editor = {Park, L. A. F. and Karimi, S.},
	Isbn = {978-1-4503-4040-3},
	Publisher = {{ACM Press, New York, USA}},
	Timestamp = {Tue, 06 Nov 2018 16:59:06 +0100},
	Title = {{Proc. of the 20th Australasian Document Computing Symposium, {ADCS} 2015}},
	Url = {https://doi.org/10.1145/2838931},
	Year = {2015},
	Bdsk-Url-1 = {https://doi.org/10.1145/2838931}}

@proceedings{zz-ICTIR2018,
	Booktitle = {Proc.{ of the 2018 {ACM} {SIGIR} International Conference on Theory of Information Retrieval, {ICTIR} 2018}},
	Date-Added = {2019-02-17 14:14:44 +0100},
	Date-Modified = {2019-02-17 14:14:44 +0100},
	Editor = {Song, D. and Liu, T.-Y. and Sun, L. and Bruza, P. and Melucci, M. and Sebastiani, F. and Yang, G. H.},
	Publisher = {{ACM Press, New York, USA}},
	Title = {Proc.{ of the 2018 {ACM} {SIGIR} International Conference on Theory of Information Retrieval, {ICTIR} 2018}},
	Year = {2018}}

@proceedings{zz-IRCDL2019,
	Bibsource = {dblp computer science bibliography, https://dblp.org},
	Biburl = {https://dblp.org/rec/bib/conf/ircdl/2019},
	Booktitle = {{Proc of the 15th Italian Research Conference on Digital Libraries, {IRCDL} 2019}},
	Date-Added = {2019-02-12 11:30:11 +0100},
	Date-Modified = {2019-02-12 11:30:11 +0100},
	Doi = {10.1007/978-3-030-11226-4},
	Editor = {Manghi, P. and Candela, L. and Silvello, G.},
	Isbn = {978-3-030-11225-7},
	Publisher = {Springer},
	Series = {Communications in Computer and Information Science},
	Timestamp = {Wed, 16 Jan 2019 14:29:17 +0100},
	Title = {{Proc of the 15th Italian Research Conference on Digital Libraries, {IRCDL} 2019}},
	Url = {https://doi.org/10.1007/978-3-030-11226-4},
	Volume = {988},
	Year = {2019},
	Bdsk-Url-1 = {https://doi.org/10.1007/978-3-030-11226-4}}

@proceedings{zz-SIGIR2017,
	Booktitle = {{Proc. 40th Annual International ACM SIGIR Conference on Research and Development in Information Retrieval (SIGIR 2017)}},
	Date-Added = {2019-02-12 11:21:03 +0100},
	Date-Modified = {2019-02-12 11:21:03 +0100},
	Publisher = {{ACM Press, New York, USA}},
	Title = {{Proc. 40th Annual International ACM SIGIR Conference on Research and Development in Information Retrieval (SIGIR 2017)}},
	Year = {2017}}

@proceedings{zz-ECIR2017,
	Booktitle = {Proc. of the 39th European Conference on {IR} Research, {ECIR} 2018},
	Publisher = {{Springer, Heidelberg, Germany}},
	Title = {Proc. of the 39th European Conference on {IR} Research, {ECIR} 2018},
	Year = {2017}}

@proceedings{zz-ECIR2018,
	Bibsource = {dblp computer science bibliography, https://dblp.org},
	Biburl = {https://dblp.org/rec/bib/conf/ecir/2018},
	Date-Added = {2018-09-04 10:22:16 +0200},
	Date-Modified = {2018-09-04 10:23:02 +0200},
	Doi = {10.1007/978-3-319-76941-7},
	Editor = {Pasi, G. and Piwowarski, B. and Azzopardi, L. and Hanbury, A.},
	Isbn = {978-3-319-76940-0},
	Publisher = {{Springer, Heidelberg, Germany}},
	Series = {Lecture Notes in Computer Science},
	Timestamp = {Thu, 22 Mar 2018 11:14:50 +0100},
	Title = {Proc. of the 40th European Conference on {IR} Research, {ECIR} 2018},
	Url = {https://doi.org/10.1007/978-3-319-76941-7},
	Volume = {10772},
	Year = {2018},
	Bdsk-Url-1 = {https://doi.org/10.1007/978-3-319-76941-7}}

@proceedings{zz-sigmod2018,
	Bibsource = {dblp computer science bibliography, https://dblp.org},
	Biburl = {https://dblp.org/rec/bib/conf/sigmod/2018},
	Date-Added = {2018-09-04 10:19:40 +0200},
	Date-Modified = {2018-09-04 10:20:13 +0200},
	Doi = {10.1145/3183713},
	Editor = {Das, G. and Jermaine, C. M. and Bernstein, P. A.},
	Publisher = {{ACM Press, New York, USA}},
	Timestamp = {Sun, 27 May 2018 19:31:52 +0200},
	Title = {Proc. of the 2018 International Conference on Management of Data, {SIGMOD} Conference 2018},
	Url = {http://doi.acm.org/10.1145/3183713},
	Year = {2018},
	Bdsk-Url-1 = {http://doi.acm.org/10.1145/3183713},
	Bdsk-Url-2 = {https://doi.org/10.1145/3183713}}

@proceedings{zz-CLEF2016Proc,
	Booktitle = {{Experimental IR Meets Multilinguality, Multimodality, and Interaction. Proceedings of the Seventh International Conference of the CLEF Association (CLEF 2016)}},
	Date-Added = {2018-02-05 08:41:07 +0000},
	Date-Modified = {2018-02-05 08:41:07 +0000},
	Editor = {Fuhr, N. and Quaresma, P. and Gon{\c c}alves, T. and Larsen, B. and Balog, K. and Macdonald, C. and Cappellato, L. and Ferro, N.},
	Publisher = {{Lecture Notes in Computer Science (LNCS) 9822, Springer, Heidelberg, Germany}},
	Title = {{Experimental IR Meets Multilinguality, Multimodality, and Interaction. Proceedings of the Seventh International Conference of the CLEF Association (CLEF 2016)}},
	Year = {2016}}

@proceedings{zz-JCDL2017,
	Bibsource = {dblp computer science bibliography, http://dblp.org},
	Biburl = {http://dblp.org/rec/bib/conf/jcdl/2017},
	Date-Added = {2017-12-13 15:46:18 +0000},
	Date-Modified = {2017-12-13 15:46:40 +0000},
	Isbn = {978-1-5386-3861-3},
	Publisher = {{IEEE} Computer Society},
	Timestamp = {Fri, 28 Jul 2017 13:03:00 +0200},
	Title = {2017 {ACM/IEEE} Joint Conference on Digital Libraries, {JCDL} 2017},
	Url = {http://ieeexplore.ieee.org/xpl/mostRecentIssue.jsp?punumber=7988694},
	Year = {2017},
	Bdsk-Url-1 = {http://ieeexplore.ieee.org/xpl/mostRecentIssue.jsp?punumber=7988694}}

@proceedings{zz-CLEF2014Proc,
	Booktitle = {{Information Access Evaluation -- Multilinguality, Multimodality, and Interaction. Proceedings of the Fifth International Conference of the CLEF Initiative (CLEF 2014)}},
	Date-Added = {2017-10-11 10:55:31 +0000},
	Date-Modified = {2017-10-11 10:55:31 +0000},
	Editor = {Kanoulas, E. and Lupu, M. and Clough, P. and Sanderson, M. and Hall, M. and Hanbury, A. and Toms, E.},
	Publisher = {{Lecture Notes in Computer Science (LNCS) 8685, Springer, Heidelberg, Germany}},
	Title = {{Information Access Evaluation -- Multilinguality, Multimodality, and Interaction. Proceedings of the Fifth International Conference of the CLEF Initiative (CLEF 2014)}},
	Year = {2014}}

@proceedings{zz-CLEF2015,
	Bibsource = {dblp computer science bibliography, http://dblp.org},
	Biburl = {http://dblp.org/rec/bib/conf/clef/2015},
	Date-Added = {2017-10-11 10:53:14 +0000},
	Date-Modified = {2017-10-11 10:53:41 +0000},
	Doi = {10.1007/978-3-319-24027-5},
	Isbn = {978-3-319-24026-8},
	Publisher = {Springer},
	Series = {Lecture Notes in Computer Science},
	Timestamp = {Sat, 16 Sep 2017 12:10:26 +0200},
	Title = {{Proc. of the 6th International Conference of the {CLEF} Association}},
	Url = {https://doi.org/10.1007/978-3-319-24027-5},
	Volume = {9283},
	Year = {2015},
	Bdsk-Url-1 = {https://doi.org/10.1007/978-3-319-24027-5},
	Bdsk-Url-2 = {http://dx.doi.org/10.1007/978-3-319-24027-5}}

@proceedings{zz-CLEF2017,
	Bibsource = {dblp computer science bibliography, http://dblp.org},
	Biburl = {http://dblp.org/rec/bib/conf/clef/2017},
	Date-Added = {2017-10-11 10:49:43 +0000},
	Date-Modified = {2017-10-11 10:50:49 +0000},
	Doi = {10.1007/978-3-319-65813-1},
	Editor = {Jones, G. J. F. and Lawless, S. and Gonzalo, J. and Kelly, L. and Goeuriot, L. and Mandl, T. and Cappellato, L. and Ferro, N.},
	Isbn = {978-3-319-65812-4},
	Publisher = {Springer},
	Series = {Lecture Notes in Computer Science},
	Timestamp = {Thu, 31 Aug 2017 15:25:30 +0200},
	Title = {{Proc. of the 8th International Conference of the {CLEF} Association}},
	Url = {https://doi.org/10.1007/978-3-319-65813-1},
	Volume = {10456},
	Year = {2017},
	Bdsk-Url-1 = {https://doi.org/10.1007/978-3-319-65813-1},
	Bdsk-Url-2 = {http://dx.doi.org/10.1007/978-3-319-65813-1}}

@proceedings{zz-PODS2017,
	Bibsource = {dblp computer science bibliography, http://dblp.org},
	Biburl = {http://dblp.uni-trier.de/rec/bib/conf/pods/2017},
	Booktitle = {Proc. of the 36th {ACM} {SIGMOD-SIGACT-SIGAI} Symposium on Principles of Database Systems, {PODS} 2017},
	Date-Added = {2017-05-15 15:31:03 +0000},
	Date-Modified = {2017-05-15 15:31:43 +0000},
	Editor = {Emanuel Sallinger and Jan Van den Bussche and Floris Geerts},
	Isbn = {978-1-4503-4198-1},
	Publisher = {{ACM Press, New York, USA}},
	Timestamp = {Wed, 10 May 2017 22:15:48 +0200},
	Title = {Proc. of the 36th {ACM} {SIGMOD-SIGACT-SIGAI} Symposium on Principles of Database Systems, {PODS} 2017},
	Url = {http://dl.acm.org/citation.cfm?id=3034786},
	Year = {2017},
	Bdsk-Url-1 = {http://dl.acm.org/citation.cfm?id=3034786}}

@proceedings{zz-KARS2017,
	Booktitle = {{Proc. 1st International Workshop on Keyword-Based Access and Ranking at Scale (KARS 2017) -- Proc. of the Workshops of the EDBT/ICDT 2017 Joint Conference (EDBT/ICDT 2017)}},
	Date-Added = {2017-05-15 15:14:16 +0000},
	Date-Modified = {2017-05-15 15:14:16 +0000},
	Editor = {Ioannidis, Y. E. and Stoyanovich, J. and Orsi, G. and Song, I.-Y. and Marcel, P. and Martoglia, R. and Penzo, W. and Mandreoli, F. and De Virgilio, R. and De Antonellis, V. and Bianchini, D. and Kotzinos, D. and Christophides, V. and Nikolaou, C. and Theodoridis, Y. and Ferro, N. and Guerra, F. and Ives, Z. and Silvello, G. and Theobald, M.},
	Publisher = {{CEUR Workshop Proceedings (CEUR-WS.org), ISSN 1613-0073, \url{http://ceur-ws.org/Vol-1810/}}},
	Title = {{Proc. 1st International Workshop on Keyword-Based Access and Ranking at Scale (KARS 2017) -- Proc. of the Workshops of the EDBT/ICDT 2017 Joint Conference (EDBT/ICDT 2017)}},
	Year = {2017}}

@proceedings{zz-IRCDL2017,
	Booktitle = {{Proc. 13th Italian Research Conference on Digital Libraries (IRCDL 2017)}},
	Date-Added = {2017-05-15 15:13:57 +0000},
	Date-Modified = {2017-05-15 15:13:57 +0000},
	Editor = {Grana, C. and Baraldi, L.},
	Publisher = {{Communications in Computer and Information Science (CCIS), Springer, Heidelberg, Germany}},
	Title = {{Proc. 13th Italian Research Conference on Digital Libraries (IRCDL 2017)}},
	Year = {2017}}

@proceedings{zz-SEBD2017,
	Booktitle = {{Proc. 25th Italian Symposium on Advanced Database Systems (SEBD 2017)}},
	Date-Added = {2017-05-15 15:13:40 +0000},
	Date-Modified = {2017-05-15 15:13:40 +0000},
	Editor = {Greco, S. and Sacc{\`a}, D. and Flesca, S. and Masciari, E.},
	Title = {{Proc. 25th Italian Symposium on Advanced Database Systems (SEBD 2017)}},
	Year = {2017}}

@proceedings{zz-JCDL2008,
	Booktitle = {{Proc. 8th ACM/IEEE-CS Joint Conference on Digital Libraries (JCDL 2008)}},
	Date-Added = {2017-05-05 15:08:36 +0000},
	Date-Modified = {2017-05-05 15:08:36 +0000},
	Editor = {Larsen, R. and Paepcke, A. and Borbinha, J. L. and Naaman, M.},
	Publisher = {{ACM Press, New York, USA}},
	Title = {{Proc. 8th ACM/IEEE-CS Joint Conference on Digital Libraries (JCDL 2008)}},
	Year = {2008}}

@proceedings{zz-ICDAR2013,
	Bibsource = {dblp computer science bibliography, http://dblp.org},
	Biburl = {http://dblp.uni-trier.de/rec/bib/conf/icdar/2013},
	Booktitle = {{Proc. of the 12th International Conference on Document Analysis and Recognition}},
	Date-Added = {2017-03-07 15:22:59 +0000},
	Date-Modified = {2017-03-07 15:23:30 +0000},
	Isbn = {978-0-7695-4999-6},
	Publisher = {{IEEE} Computer Society},
	Timestamp = {Mon, 03 Nov 2014 16:48:04 +0100},
	Title = {{Proc. of the 12th International Conference on Document Analysis and Recognition}},
	Url = {http://ieeexplore.ieee.org/xpl/mostRecentIssue.jsp?punumber=6627713},
	Year = {2013},
	Bdsk-Url-1 = {http://ieeexplore.ieee.org/xpl/mostRecentIssue.jsp?punumber=6627713}}

@proceedings{zz-ICTIR2016,
	Bibsource = {dblp computer science bibliography, http://dblp.org},
	Biburl = {http://dblp.uni-trier.de/rec/bib/conf/ictir/2016},
	Booktitle = {{Proc. of the 2016 {ACM} on International Conference on the Theory of Information Retrieval, {ICTIR} 2016}},
	Date-Added = {2017-03-07 15:09:00 +0000},
	Date-Modified = {2017-03-07 15:12:20 +0000},
	Doi = {10.1145/2970398},
	Editor = {Ben Carterette and Hui Fang and Mounia Lalmas and Jian{-}Yun Nie},
	Isbn = {978-1-4503-4497-5},
	Publisher = {{ACM Press, New York, USA}},
	Timestamp = {Thu, 15 Sep 2016 09:23:28 +0200},
	Title = {{Proc. of the 2016 {ACM} on International Conference on the Theory of Information Retrieval, {ICTIR} 2016}},
	Url = {http://doi.acm.org/10.1145/2970398},
	Year = {2016},
	Bdsk-Url-1 = {http://doi.acm.org/10.1145/2970398},
	Bdsk-Url-2 = {http://dx.doi.org/10.1145/2970398}}

@proceedings{zz-VLDB1996,
	Bibsource = {dblp computer science bibliography, http://dblp.org},
	Biburl = {http://dblp.uni-trier.de/rec/bib/conf/vldb/99},
	Booktitle = {{VLDB'99, Proc. of 25th International Conference on Very Large Data Bases}},
	Date-Added = {2017-02-01 15:18:14 +0000},
	Date-Modified = {2017-02-01 15:19:20 +0000},
	Editor = {Vijayaraman, T. M. and Buchmann, A. P. and Mohan, C. and Sarda, N. L.},
	Isbn = {1-55860-615-7},
	Publisher = {Morgan Kaufmann},
	Timestamp = {Mon, 17 Sep 2012 20:57:58 +0200},
	Title = {{VLDB'96, Proc. of 22nd International Conference on Very Large Data Bases}},
	Year = {1996}}

@proceedings{zz-AAAI2010,
	Booktitle = {{Proc. of the Twenty-Fourth {AAAI} Conference on Artificial Intelligence, {AAAI} 2010}},
	Date-Added = {2016-10-10 12:02:27 +0000},
	Date-Modified = {2016-10-10 12:03:15 +0000},
	Editor = {Fox, M. and Poole, D.},
	Publisher = {{AAAI Press}},
	Title = {{Proc. of the Twenty-Fourth {AAAI} Conference on Artificial Intelligence, {AAAI} 2010}},
	Year = {2010}}

@proceedings{zz-STOC2001,
	Date-Added = {2016-10-06 10:19:24 +0000},
	Date-Modified = {2016-10-06 10:25:54 +0000},
	Editor = {Vitter, J. S. and Spirakis, P. G. and Yannakakis, M.},
	Publisher = {{ACM Press, New York, USA}},
	Timestamp = {Thu, 16 Feb 2012 12:04:51 +0100},
	Title = {{Proc. on 33rd Annual {ACM} Symposium on Theory of Computing}},
	Year = {2001}}

@proceedings{zz-ESWS2009,
	Bibsource = {dblp computer science bibliography, http://dblp.org},
	Biburl = {http://dblp.uni-trier.de/rec/bib/conf/esws/2009},
	Date-Added = {2016-10-03 17:09:35 +0000},
	Date-Modified = {2016-10-03 17:10:02 +0000},
	Doi = {10.1007/978-3-642-02121-3},
	Editor = {Lora Aroyo and Paolo Traverso and Fabio Ciravegna and Philipp Cimiano and Tom Heath and Eero Hyv{\"{o}}nen and Riichiro Mizoguchi and Eyal Oren and Marta Sabou and Elena Paslaru Bontas Simperl},
	Isbn = {978-3-642-02120-6},
	Publisher = {Springer},
	Series = {Lecture Notes in Computer Science},
	Timestamp = {Sat, 23 May 2009 22:44:26 +0200},
	Title = {{Proc. of the Semantic Web: Research and Applications, 6th European Semantic Web Conference, {ESWC} 2009}},
	Url = {http://dx.doi.org/10.1007/978-3-642-02121-3},
	Volume = {5554},
	Year = {2009},
	Bdsk-Url-1 = {http://dx.doi.org/10.1007/978-3-642-02121-3}}

@article{AbadiAABBCCDDFG16,
	Author = {Daniel Abadi and Rakesh Agrawal and Anastasia Ailamaki and Magdalena Balazinska and Philip A. Bernstein and Michael J. Carey and Surajit Chaudhuri and Jeffrey Dean and AnHai Doan and Michael J. Franklin and Johannes Gehrke and Laura M. Haas and Alon Y. Halevy and Joseph M. Hellerstein and Yannis E. Ioannidis and H. V. Jagadish and Donald Kossmann and Samuel Madden and Sharad Mehrotra and Tova Milo and Jeffrey F. Naughton and Raghu Ramakrishnan and Volker Markl and Christopher Olston and Beng Chin Ooi and Christopher R{\'{e}} and Dan Suciu and Michael Stonebraker and Todd Walter and Jennifer Widom},
	Biburl = {http://dblp.uni-trier.de/rec/bib/journals/cacm/AbadiAABBCCDDFG16},
	Date-Added = {2016-09-29 09:14:47 +0000},
	Date-Modified = {2016-09-29 09:15:06 +0000},
	Doi = {10.1145/2845915},
	Journal = {{Communications of the ACM (CACM)}},
	Number = {2},
	Pages = {92--99},
	Timestamp = {Thu, 25 Feb 2016 18:39:51 +0100},
	Title = {The Beckman report on database research},
	Url = {http://doi.acm.org/10.1145/2845915},
	Volume = {59},
	Year = {2016},
	Bdsk-Url-1 = {http://doi.acm.org/10.1145/2845915},
	Bdsk-Url-2 = {http://dx.doi.org/10.1145/2845915}}

@proceedings{zz-buneman2013,
	Date-Added = {2016-09-29 09:10:13 +0000},
	Date-Modified = {2016-09-29 09:10:44 +0000},
	Doi = {10.1007/978-3-642-41660-6},
	Editor = {Val Tannen and Limsoon Wong and Leonid Libkin and Wenfei Fan and Wang{-}Chiew Tan and Michael P. Fourman},
	Isbn = {978-3-642-41659-0},
	Publisher = {Springer},
	Series = {Lecture Notes in Computer Science},
	Timestamp = {Tue, 03 Dec 2013 15:49:16 +0100},
	Title = {{In Search of Elegance in the Theory and Practice of Computation - Essays Dedicated to Peter Buneman}},
	Url = {http://dx.doi.org/10.1007/978-3-642-41660-6},
	Volume = {8000},
	Year = {2013},
	Bdsk-Url-1 = {http://dx.doi.org/10.1007/978-3-642-41660-6}}

@proceedings{zz-WWW2014,
	Booktitle = {{Proc. 23rd International World Wide Web Conference (WWW 2004)}},
	Date-Added = {2016-09-27 16:25:46 +0000},
	Date-Modified = {2016-09-27 16:26:51 +0000},
	Editor = {Chung, W.-C. and Broder, A. Z. and Shim, K. and Sue, T.},
	Publisher = {{ACM Press, New York, USA}},
	Title = {{Proc. 23rd International World Wide Web Conference (WWW 2004)}},
	Year = {2014}}

@proceedings{zz-PODS2002,
	Booktitle = {{Proc. 21st ACM SIGMOD--SIGACT--SIGART Symposium on Principles of Database Systems (PODS 2002)}},
	Date-Added = {2016-09-27 08:16:58 +0000},
	Date-Modified = {2016-09-27 08:16:58 +0000},
	Editor = {Abiteboul, S. and Kolaitis, P. G. and Popa, L.},
	Publisher = {{ACM Press, New York, USA}},
	Title = {{Proc. 21st ACM SIGMOD--SIGACT--SIGART Symposium on Principles of Database Systems (PODS 2002)}},
	Year = {2002}}

@proceedings{zz-VLDB2006,
	Booktitle = {{Proc. of the 32nd International Conference on Very Large Data Bases (VLDB 2006)}},
	Date-Added = {2016-09-27 07:51:51 +0000},
	Date-Modified = {2016-09-27 07:53:13 +0000},
	Editor = {Umeshwar Dayal and Kyu{-}Young Whang and David B. Lomet and Gustavo Alonso and Guy M. Lohman and Martin L. Kersten and Sang Kyun Cha and Young{-}Kuk Kim},
	Publisher = {Morgan Kaufmann},
	Title = {{Proc. of the 32nd International Conference on Very Large Data Bases (VLDB 2006)}},
	Year = {2006}}

@proceedings{zz-PODS2016,
	Bibsource = {dblp computer science bibliography, http://dblp.org},
	Biburl = {http://dblp.uni-trier.de/rec/bib/conf/pods/2016},
	Booktitle = {{Proc. of the 35th {ACM} {SIGMOD-SIGACT-SIGAI} Symposium on Principles of Database Systems, {PODS} 2016}},
	Date-Added = {2016-09-26 17:53:24 +0000},
	Date-Modified = {2016-10-06 12:30:49 +0000},
	Doi = {10.1145/2902251},
	Editor = {Tova Milo and Wang{-}Chiew Tan},
	Isbn = {978-1-4503-4191-2},
	Publisher = {{ACM Press}},
	Timestamp = {Sat, 18 Jun 2016 14:40:49 +0200},
	Title = {{Proc. of the 35th {ACM} {SIGMOD-SIGACT-SIGAI} Symposium on Principles of Database Systems, {PODS} 2016}},
	Url = {http://doi.acm.org/10.1145/2902251},
	Year = {2016},
	Bdsk-Url-1 = {http://doi.acm.org/10.1145/2902251},
	Bdsk-Url-2 = {http://dx.doi.org/10.1145/2902251}}

@proceedings{zz-icde2007,
	Bibsource = {dblp computer science bibliography, http://dblp.org},
	Biburl = {http://dblp.uni-trier.de/rec/bib/conf/icde/2007},
	Date-Added = {2016-09-26 17:45:50 +0000},
	Date-Modified = {2016-09-26 17:46:13 +0000},
	Editor = {Rada Chirkova and Asuman Dogac and M. Tamer {\"{O}}zsu and Timos K. Sellis},
	Isbn = {1-4244-0802-4},
	Publisher = {{IEEE} Computer Society},
	Timestamp = {Mon, 25 Apr 2016 16:57:48 +0200},
	Title = {Proc. of the 23rd International Conference on Data Engineering, {ICDE} 2007},
	Url = {http://ieeexplore.ieee.org/xpl/mostRecentIssue.jsp?punumber=4221634},
	Year = {2007},
	Bdsk-Url-1 = {http://ieeexplore.ieee.org/xpl/mostRecentIssue.jsp?punumber=4221634}}

@proceedings{zz-bncod2013,
	Booktitle = {Big Data - 29th British National Conference on Databases, {BNCOD}},
	Date-Added = {2016-09-21 11:51:19 +0000},
	Date-Modified = {2016-09-21 11:52:51 +0000},
	Editor = {Gottlob, G. and Grasso, G. and Olteanu, D. and Schallhart, C.},
	Publisher = {Springer, Heidelberg, Germany},
	Series = {Lecture Notes in Computer Science},
	Title = {Big Data - 29th British National Conference on Databases, {BNCOD}},
	Volume = {7968},
	Year = {2013}}

@proceedings{zz-SIGMOD1989,
	Bibsource = {dblp computer science bibliography, http://dblp.org},
	Biburl = {http://dblp.uni-trier.de/rec/bib/conf/sigmod/89},
	Booktitle = {{Proc. of the 1989 {ACM} {SIGMOD} International Conference on Management of Data}},
	Date-Added = {2016-05-25 09:04:44 +0000},
	Date-Modified = {2016-05-25 09:42:56 +0000},
	Editor = {Clifford, J. andLindsay, B. G. and Maier, D.},
	Publisher = {{ACM Press, New York, USA}},
	Timestamp = {Fri, 21 Dec 2012 09:22:13 +0100},
	Title = {{Proc. of the 2000 {ACM} {SIGMOD} International Conference on Management of Data}},
	Year = {1989}}

@proceedings{zz-VLDB1998,
	Bibsource = {dblp computer science bibliography, http://dblp.org},
	Biburl = {http://dblp.uni-trier.de/rec/bib/conf/vldb/98},
	Date-Added = {2016-05-25 08:47:57 +0000},
	Date-Modified = {2016-05-25 08:48:33 +0000},
	Editor = {Gupta, A. and Shmueli, O. and Widom, J.},
	Isbn = {1-55860-566-5},
	Publisher = {Morgan Kaufmann},
	Timestamp = {Thu, 01 Nov 2012 10:26:33 +0100},
	Title = {{VLDB'98, Proc. of 24rd International Conference on Very Large Data Bases}},
	Year = {1998}}

@inproceedings{zz-DagstuhlSeminar16041,
	Booktitle = {{Report from Dagstuhl Seminar 16041: Reproducibility of Data-Oriented Experiments in e-Science}},
	Date-Added = {2016-05-25 08:45:39 +0000},
	Date-Modified = {2016-05-25 08:45:39 +0000},
	Editor = {Freire, J. and Fuhr, N. and Rauber, A.},
	Publisher = {{Schloss Dagstuhl--Leibniz-Zentrum fuer Informatik, Germany}},
	Series = {{Dagstuhl Reports, Volume 6, Number 1}},
	Title = {{Report from Dagstuhl Seminar 16041: Reproducibility of Data-Oriented Experiments in e-Science}},
	Year = {2016}}

@proceedings{zz-SIGMOD2000,
	Bibsource = {dblp computer science bibliography, http://dblp.org},
	Biburl = {http://dblp.uni-trier.de/rec/bib/conf/sigmod/2000},
	Booktitle = {{Proc. of the 2000 {ACM} {SIGMOD} International Conference on Management of Data}},
	Date-Added = {2016-05-25 08:43:27 +0000},
	Date-Modified = {2016-05-25 09:42:41 +0000},
	Doi = {10.1145/342009},
	Editor = {Chen, W. and Naughton, J. F. and Bernstein, P. A.},
	Isbn = {1-58113-217-4},
	Publisher = {{ACM Press, New York, USA}},
	Timestamp = {Mon, 15 Jun 2015 19:00:08 +0200},
	Title = {{Proc. of the 2000 {ACM} {SIGMOD} International Conference on Management of Data}},
	Url = {http://dx.doi.org/10.1145/342009},
	Year = {2000},
	Bdsk-Url-1 = {http://dx.doi.org/10.1145/342009}}

@proceedings{zz-VLDB1999,
	Bibsource = {dblp computer science bibliography, http://dblp.org},
	Biburl = {http://dblp.uni-trier.de/rec/bib/conf/vldb/99},
	Booktitle = {{VLDB'99, Proc. of 25th International Conference on Very Large Data Bases}},
	Date-Added = {2016-05-18 09:38:41 +0000},
	Date-Modified = {2016-05-25 09:41:38 +0000},
	Editor = {Atkinson, M. P. and Orlowska, M. E. and Valduriez, P. and Zdonik, S. B. and Brodie, M. L.},
	Isbn = {1-55860-615-7},
	Publisher = {Morgan Kaufmann},
	Timestamp = {Mon, 17 Sep 2012 20:57:58 +0200},
	Title = {{VLDB'99, Proc. of 25th International Conference on Very Large Data Bases}},
	Year = {1999}}

@proceedings{zz-PODS1995,
	Bibsource = {dblp computer science bibliography, http://dblp.org},
	Biburl = {http://dblp.uni-trier.de/rec/bib/conf/pods/95},
	Booktitle = {{Proceedings of the Fourteenth {ACM} {SIGACT-SIGMOD-SIGART} Symposium on Principles of Database Systems}},
	Date-Added = {2016-05-13 09:37:18 +0000},
	Date-Modified = {2016-05-25 09:41:53 +0000},
	Editor = {Yannakakis, M.},
	Isbn = {0-89791-730-8},
	Publisher = {{ACM} Press},
	Timestamp = {Wed, 23 May 2012 16:53:24 +0200},
	Title = {{Proceedings of the Fourteenth {ACM} {SIGACT-SIGMOD-SIGART} Symposium on Principles of Database Systems}},
	Url = {http://dl.acm.org/citation.cfm?id=212433},
	Year = {1995},
	Bdsk-Url-1 = {http://dl.acm.org/citation.cfm?id=212433}}

@proceedings{zz-PODS2007,
	Booktitle = {{Proc. of the 26th {ACM} {SIGACT-SIGMOD-SIGART} Symposium on Principles of Database Systems}},
	Date-Added = {2016-05-13 09:36:00 +0000},
	Date-Modified = {2016-09-27 08:18:32 +0000},
	Editor = {Libkin, L.},
	Publisher = {{ACM Press, New York, USA}},
	Title = {{Proc. of the 26th {ACM} {SIGACT-SIGMOD-SIGART} Symposium on Principles of Database Systems}},
	Year = {2007}}

@proceedings{zz-iassist2006,
	Bibsource = {dblp computer science bibliography, http://dblp.org},
	Biburl = {http://dblp.uni-trier.de/rec/bib/conf/iassist/2006},
	Date-Added = {2016-05-03 07:53:42 +0000},
	Date-Modified = {2016-05-03 07:53:42 +0000},
	Publisher = {{IASSIST}},
	Timestamp = {Fri, 06 Jun 2014 19:26:42 +0200},
	Title = {{IASSIST} 2006 - Data in a World of Networked Knowledge},
	Url = {http://www.iassistdata.org/conferences/archive/2006},
	Year = {2006},
	Bdsk-Url-1 = {http://www.iassistdata.org/conferences/archive/2006}}

@proceedings{zz-ECIR2016,
	Booktitle = {{Advances in Information Retrieval. Proc. 38th European Conference on IR Research (ECIR 2016)}},
	Date-Added = {2016-05-02 15:43:27 +0000},
	Date-Modified = {2016-05-02 15:45:07 +0000},
	Editor = {Ferro, N. and Crestani, F. and Moens, M.-F. and Mothe, J. and Silvestri, F. and Di Nunzio, G. M. and Hauff, C. and Silvello, G.},
	Publisher = {{Lecture Notes in Computer Science (LNCS) 9626, Springer, Heidelberg, Germany}},
	Title = {{Advances in Information Retrieval. Proc. 38th European Conference on IR Research (ECIR 2016)}},
	Year = {2016}}

@proceedings{zz-ECIR2015,
	Booktitle = {{Advances in Information Retrieval. Proc. 37th European Conference on IR Research (ECIR 2015)}},
	Date-Added = {2016-05-02 15:41:58 +0000},
	Date-Modified = {2016-05-02 15:43:50 +0000},
	Editor = {Hanbury, A. and Kazai, G. and Rauber, A. and Fuhr, N.},
	Publisher = {{Lecture Notes in Computer Science (LNCS) 9022, Springer, Heidelberg, Germany}},
	Title = {{Advances in Information Retrieval. Proc. 37th European Conference on IR Research (ECIR 2015)}},
	Year = {2015}}

@proceedings{zz-CLEF2012Proc,
	Booktitle = {{Information Access Evaluation. Multilinguality, Multimodality, and Visual Analytics. Proceedings of the Third International Conference of the CLEF Initiative (CLEF 2012)}},
	Date-Added = {2016-04-22 14:40:08 +0000},
	Date-Modified = {2016-04-22 14:40:08 +0000},
	Editor = {Catarci, T. and Forner, P. and Hiemstra, D. and Pe{\~n}as, A. and Santucci, G.},
	Publisher = {{Lecture Notes in Computer Science (LNCS) 7488, Springer, Heidelberg, Germany}},
	Title = {{Information Access Evaluation. Multilinguality, Multimodality, and Visual Analytics. Proceedings of the Third International Conference of the CLEF Initiative (CLEF 2012)}},
	Year = {2012}}

@proceedings{zz-ECIR2011,
	Booktitle = {{Advances in Information Retrieval. Proc. 33rd European Conference on IR Research (ECIR 2011)}},
	Date-Added = {2016-04-22 14:40:08 +0000},
	Date-Modified = {2016-04-22 14:40:08 +0000},
	Editor = {Clough, P. and Foley, C. and Gurrin, C. and Jones, G. J. F. and Kraaij, W. and Lee, H. and Mudoch, V.},
	Publisher = {{Lecture Notes in Computer Science (LNCS) 6611, Springer, Heidelberg, Germany}},
	Title = {{Advances in Information Retrieval. Proc. 33rd European Conference on IR Research (ECIR 2011)}},
	Year = {2011}}

@proceedings{zz-IRCDL2012,
	Booktitle = {{Digital Libraries and Archives - Proc. 8th Italian Research Conference (IRCDL 2012)}},
	Date-Added = {2016-04-22 14:40:08 +0000},
	Date-Modified = {2016-04-22 14:40:08 +0000},
	Editor = {Agosti, M. and Esposito, F. and Ferilli, S. and Ferro, N.},
	Publisher = {{Communications in Computer and Information Science (CCIS) 354, Springer, Heidelberg, Germany}},
	Title = {{Digital Libraries and Archives - Proc. 8th Italian Research Conference (IRCDL 2012)}},
	Year = {2013}}

@proceedings{zz-PROMISE-Winter-School-2012,
	Booktitle = {{Information Retrieval Meets Information Visualization -- PROMISE Winter School 2012, Revised Tutorial Lectures}},
	Date-Added = {2016-04-22 14:39:55 +0000},
	Date-Modified = {2016-04-22 14:39:55 +0000},
	Editor = {Agosti, M. and Ferro, N. and Forner, P. and M{\"u}ller, H. and Santucci, G.},
	Publisher = {{Lecture Notes in Computer Science (LNCS) 7757, Springer, Heidelberg, Germany}},
	Title = {{Information Retrieval Meets Information Visualization -- PROMISE Winter School 2012, Revised Tutorial Lectures}},
	Year = {2013}}

@proceedings{zz-CLEF2013Proc,
	Booktitle = {{Information Access Evaluation meets Multilinguality, Multimodality, and Visualization. Proceedings of the Fourth International Conference of the CLEF Initiative (CLEF 2013)}},
	Date-Added = {2016-04-22 14:39:49 +0000},
	Date-Modified = {2016-04-22 14:39:49 +0000},
	Editor = {Forner, P. and M\"{u}ller, H. and Paredes, R. and Rosso, P. and Stein, B.},
	Publisher = {{Lecture Notes in Computer Science (LNCS) 8138, Springer, Heidelberg, Germany}},
	Title = {{Information Access Evaluation meets Multilinguality, Multimodality, and Visualization. Proceedings of the Fourth International Conference of the CLEF Initiative (CLEF 2013)}},
	Year = {2013}}

@proceedings{zz-SEBD2013,
	Booktitle = {{Proc. 21st Italian Symposium on Advanced Database Systems (SEBD 2013)}},
	Date-Added = {2016-04-22 14:39:49 +0000},
	Date-Modified = {2016-04-22 14:39:49 +0000},
	Editor = {Buccafurri, F. and Sacc{\`a}, D.},
	Title = {{Proc. 21st Italian Symposium on Advanced Database Systems (SEBD 2013)}},
	Year = {2013}}

@proceedings{zz-IIR2013,
	Booktitle = {{Proc. 4th Italian Information Retrieval Workshop (IIR 2013) \url{http://ceur-ws.org/Vol-964/}}},
	Date-Added = {2016-04-22 14:39:49 +0000},
	Date-Modified = {2016-04-22 14:39:49 +0000},
	Editor = {Basili, R. and Sebastiani, F. and Semeraro, G.},
	Title = {{Proc. 4th Italian Information Retrieval Workshop (IIR 2013) \url{http://ceur-ws.org/Vol-964/}}},
	Year = {2013}}

@proceedings{zz-PROMISE-Winter-School-2013,
	Booktitle = {{Bridging Between Information Retrieval and Databases - PROMISE Winter School 2013, Revised Tutorial Lectures}},
	Date-Added = {2016-04-22 14:39:29 +0000},
	Date-Modified = {2016-04-22 14:39:29 +0000},
	Editor = {Ferro, N.},
	Publisher = {{Lecture Notes in Computer Science (LNCS) 8173, Springer, Heidelberg, Germany}},
	Title = {{Bridging Between Information Retrieval and Databases - PROMISE Winter School 2013, Revised Tutorial Lectures}},
	Year = {2014}}

@proceedings{zz-TREC2014,
	Booktitle = {{The Twenty-Third Text REtrieval Conference Proceedings (TREC 2014)}},
	Date-Added = {2016-04-22 14:39:24 +0000},
	Date-Modified = {2016-04-22 14:39:24 +0000},
	Editor = {Voorhees, E. M. and Ellis, A.},
	Publisher = {{National Institute of Standards and Technology (NIST), Special Publication 500-308, Washington, USA.}},
	Title = {{The Twenty-Third Text REtrieval Conference Proceedings (TREC 2014)}},
	Year = {2015}}

@proceedings{zz-TREC2012,
	Booktitle = {{The Twenty-First Text REtrieval Conference Proceedings (TREC 2012)}},
	Date-Added = {2016-04-22 14:39:24 +0000},
	Date-Modified = {2016-04-22 14:39:24 +0000},
	Editor = {Voorhees, E. M. and Buckland, L. P.},
	Publisher = {{National Institute of Standards and Technology (NIST), Special Publication 500-298, Washington, USA.}},
	Title = {{The Twenty-First Text REtrieval Conference Proceedings (TREC 2012)}},
	Year = {2013}}

@proceedings{zz-CLEF2015WN,
	Booktitle = {{CLEF 2015 Labs and Workshops, Notebook Papers}},
	Date-Added = {2016-04-22 14:39:18 +0000},
	Date-Modified = {2016-04-22 14:39:18 +0000},
	Editor = {Cappellato, L. and Ferro, N. and Jones, G. J. F. and SanJuan, E.},
	Publisher = {{CEUR Workshop Proceedings (CEUR-WS.org), ISSN 1613-0073, \url{http://ceur-ws.org/Vol-1391/}}},
	Title = {{CLEF 2015 Working Notes}},
	Year = {2015}}

@proceedings{zz-ECIR2014,
	Booktitle = {{Advances in Information Retrieval. Proc. 36th European Conference on IR Research (ECIR 2014)}},
	Date-Added = {2016-04-22 14:39:11 +0000},
	Date-Modified = {2016-04-22 14:39:11 +0000},
	Editor = {de Rijke, M. and Kenter, T. and de Vries, A. P. and Zhai, C. and de Jong, F. and Radinsky, K. and Hofmann, K.},
	Publisher = {{Lecture Notes in Computer Science (LNCS) 8416, Springer, Heidelberg, Germany}},
	Title = {{Advances in Information Retrieval. Proc. 36th European Conference on IR Research (ECIR 2014)}},
	Year = {2014}}

@proceedings{zz-SEBD2014,
	Booktitle = {{Proc. 22nd Italian Symposium on Advanced Database Systems (SEBD 2014)}},
	Date-Added = {2016-04-22 14:39:11 +0000},
	Date-Modified = {2016-04-22 14:39:11 +0000},
	Editor = {Greco, S. and Picariello, A.},
	Title = {{Proc. 22nd Italian Symposium on Advanced Database Systems (SEBD 2014)}},
	Year = {2014}}

@proceedings{zz-SEBD2015,
	Booktitle = {{Proc. 23rd Italian Symposium on Advanced Database Systems (SEBD 2015)}},
	Date-Added = {2016-04-22 14:39:04 +0000},
	Date-Modified = {2016-04-22 14:39:04 +0000},
	Editor = {Atzeni, P. and Lenzerini, M. and Lembo, D. and Torlone, R.},
	Title = {{Proc. 23rd Italian Symposium on Advanced Database Systems (SEBD 2015)}},
	Year = {2015}}

@proceedings{zz-SIGIR2015,
	Booktitle = {{Proc. 38th Annual International ACM SIGIR Conference on Research and Development in Information Retrieval (SIGIR 2015)}},
	Date-Added = {2016-04-22 14:38:53 +0000},
	Date-Modified = {2016-04-22 14:38:53 +0000},
	Editor = {Baeza-Yates, R. and Lalmas, M. and Moffat, A. and Ribeiro-Neto, B.},
	Publisher = {{ACM Press, New York, USA}},
	Title = {{Proc. 38th Annual International ACM SIGIR Conference on Research and Development in Information Retrieval (SIGIR 2015)}},
	Year = {2015}}

@proceedings{zz-SIGIR2013,
	Booktitle = {{Proc. 36th Annual International ACM SIGIR Conference on Research and Development in Information Retrieval (SIGIR 2013)}},
	Date-Added = {2016-04-22 14:38:38 +0000},
	Date-Modified = {2016-04-22 14:38:38 +0000},
	Editor = {Jones, G. J. F. and Sheridan, P. and Kelly, D. and de Rijke, M. and Sakai, T.},
	Publisher = {{ACM Press, New York, USA}},
	Title = {{Proc. 36th Annual International ACM SIGIR Conference on Research and Development in Information Retrieval (SIGIR 2013)}},
	Year = {2013}}

@proceedings{zz-SIGIR2012,
	Booktitle = {{Proc. 35th Annual International ACM SIGIR Conference on Research and Development in Information Retrieval (SIGIR 2012)}},
	Date-Added = {2016-04-22 14:38:38 +0000},
	Date-Modified = {2016-04-22 14:38:38 +0000},
	Editor = {Hersh, W. and Callan, J. and Maarek, Y. and Sanderson, M.},
	Publisher = {{ACM Press, New York, USA}},
	Title = {{Proc. 35th Annual International ACM SIGIR Conference on Research and Development in Information Retrieval (SIGIR 2012)}},
	Year = {2012}}

@proceedings{zz-SIGIR2014,
	Booktitle = {{Proc. 37th Annual International ACM SIGIR Conference on Research and Development in Information Retrieval (SIGIR 2014)}},
	Date-Added = {2016-04-22 14:38:30 +0000},
	Date-Modified = {2016-04-22 14:38:30 +0000},
	Editor = {Geva, S. and Trotman, A. and Bruza, P. and Clarke, C. L. A. and J\"{a}rvelin, K.},
	Publisher = {{ACM Press, New York, USA}},
	Title = {{Proc. 37th Annual International ACM SIGIR Conference on Research and Development in Information Retrieval (SIGIR 2014)}},
	Year = {2014}}

@proceedings{zz-ICTIR2015,
	Booktitle = {{Proc. 1st ACM SIGIR International Conference on the Theory of Information Retrieval (ICTIR 2015)}},
	Date-Added = {2016-04-22 14:34:27 +0000},
	Date-Modified = {2016-04-22 14:34:27 +0000},
	Editor = {Allan, J. and Croft, W. B. and de Vries, A. P. and Zhai, C. and Fuhr, N. and Zhang, Y.},
	Publisher = {{ACM Press, New York, USA}},
	Title = {{Proc. 1st ACM SIGIR International Conference on the Theory of Information Retrieval (ICTIR 2015)}},
	Year = {2015}}

@proceedings{zz-IRCDL2015,
	Booktitle = {{Proc. 11th Italian Research Conference on Digital Libraries (IRCDL 2015)}},
	Date-Added = {2016-04-22 14:34:27 +0000},
	Date-Modified = {2016-04-22 14:34:27 +0000},
	Editor = {Calvanese, D. and Tasso, C.},
	Title = {{Proc. 11th Italian Research Conference on Digital Libraries (IRCDL 2015)}},
	Year = {2015}}

@proceedings{zz-SIGIR2016,
	Booktitle = {{Proc. 39th Annual International ACM SIGIR Conference on Research and Development in Information Retrieval (SIGIR 2016)}},
	Date-Added = {2016-04-22 14:34:02 +0000},
	Date-Modified = {2016-04-22 14:34:02 +0000},
	Editor = {Perego, R. and Sebastiani, F. and Aslam, J. A. and Ruthven, I. and Zobel, J.},
	Publisher = {{ACM Press, New York, USA}},
	Title = {{Proc. 39th Annual International ACM SIGIR Conference on Research and Development in Information Retrieval (SIGIR 2016)}},
	Year = {2016}}

@proceedings{zz-widm2005,
	Booktitle = {Proc. 7th ACM International Workshop on Web Information and Data Management (WIDM 2005)},
	Date-Added = {2015-12-30 09:55:25 +0000},
	Date-Modified = {2015-12-30 09:55:25 +0000},
	Editor = {Bonifati, A. and Lee, D.},
	Publisher = {ACM Press, New York, USA},
	Title = {Proc. 7th ACM International Workshop on Web Information and Data Management (WIDM 2005)},
	Year = {2005}}

@proceedings{zz-www2005,
	Booktitle = {Proceedings of the 14th International Conference on World Wide Web, (WWW 2005)},
	Date-Added = {2015-12-30 09:55:25 +0000},
	Date-Modified = {2015-12-30 09:55:25 +0000},
	Editor = {Ellis, A. and Hagino, T.},
	Publisher = {ACM Press, New York, USA},
	Title = {Proceedings of the 14th International Conference on World Wide Web, (WWW 2005)},
	Year = {2005}}

@proceedings{zz-www2008,
	Booktitle = {Proceedings of the 17th International Conference on World Wide Web, WWW 2008},
	Date-Added = {2015-12-30 09:55:25 +0000},
	Date-Modified = {2015-12-30 09:55:25 +0000},
	Editor = {Huai, J. and Chen, R. and Hon, H. and Liu, Y. and Ma, W. and Tomkins, A. and Zhang, X.},
	Publisher = {ACM Press, New York, USA},
	Title = {Proceedings of the 17th International Conference on World Wide Web, WWW 2008},
	Year = {2008}}

@proceedings{zz-wise2009,
	Booktitle = {Proc. of the Web Information Systems Engineering - {WISE} 2009, 10th International Conference},
	Date-Added = {2015-12-30 09:54:33 +0000},
	Date-Modified = {2015-12-30 09:54:33 +0000},
	Editor = {Vossen, G. and Long, D. D. E. and Yu, J. X.},
	Publisher = {Springer},
	Series = {Lecture Notes in Computer Science},
	Title = {Proc. of the Web Information Systems Engineering - {WISE} 2009, 10th International Conference},
	Volume = {5802},
	Year = {2009}}

@proceedings{zz-aswc2006,
	Booktitle = {The Semantic Web - ASWC 2006, First Asian Semantic Web Conference},
	Date-Added = {2015-12-30 09:54:33 +0000},
	Date-Modified = {2015-12-30 09:54:33 +0000},
	Editor = {Mizoguchi, R. and Shi, Z. and Giunchiglia, F.},
	Publisher = {Springer, Heidelberg, Germany},
	Series = {Lecture Notes in Computer Science},
	Title = {The Semantic Web - ASWC 2006, First Asian Semantic Web Conference},
	Volume = {4185},
	Year = {2006}}

@proceedings{zz-dc2008,
	Booktitle = {DC-2008, Proc. of the Int'l Conf. on Dublin Core and Metadata Applications 2008},
	Date-Added = {2015-12-30 09:54:33 +0000},
	Date-Modified = {2015-12-30 09:54:33 +0000},
	Editor = {Greenberg, J. and Klasore, W.},
	Publisher = {Universit\"atsverlag G\"ottingen, Germany},
	Title = {DC-2008, Proc. of the Int'l Conf. on Dublin Core and Metadata Applications 2008},
	Year = {2008}}

@proceedings{zz-bncod2009,
	Booktitle = {Dataspace: The Final Frontier, 26th British National Conference on Databases, BNCOD 26, 2009},
	Date-Added = {2015-12-30 09:54:33 +0000},
	Date-Modified = {2015-12-30 09:54:33 +0000},
	Editor = {Sexton, A.P},
	Publisher = {Springer, Heidelberg, Germany},
	Series = {Lecture Notes in Computer Science},
	Title = {Dataspace: The Final Frontier, 26th British National Conference on Databases, BNCOD 26, 2009},
	Volume = {5588},
	Year = {2009}}

@proceedings{zz-delos2007,
	Booktitle = {{Digital Libraries: Research and Development, First International DELOS Conference}},
	Date-Added = {2015-12-30 09:54:33 +0000},
	Date-Modified = {2015-12-30 09:54:33 +0000},
	Editor = {Thanos, C. and Borri, F. and Candela, L.},
	Publisher = {Springer, Heidelberg, Germany},
	Series = {Lecture Notes in Computer Science},
	Title = {{Digital Libraries: Research and Development, First International DELOS Conference}},
	Volume = {4877},
	Year = {2007}}

@proceedings{zz-delosfoundations2007,
	Booktitle = {{Pre-proceedings of the Second Workshop on Foundations of Digital Libraries}},
	Date-Added = {2015-12-30 09:54:33 +0000},
	Date-Modified = {2015-12-30 09:54:33 +0000},
	Editor = {Castelli, D. and Ioannidis, Y.},
	Month = {September},
	Publisher = {{ISTI-CNR at Gruppo ALI, Pisa, Italy}},
	Title = {{Pre-proceedings of the Second Workshop on Foundations of Digital Libraries}},
	Year = {2007}}

@proceedings{zz-dexa2006,
	Booktitle = {Database and Expert Systems Applications, 17th International Conference, DEXA 2006, Krak{\'o}w, 2006, Proc.},
	Date-Added = {2015-12-30 09:54:33 +0000},
	Date-Modified = {2015-12-30 09:54:33 +0000},
	Editor = {St{\'e}phane Bressan and Josef K{\"u}ng and Roland Wagner},
	Publisher = {Springer-Verlag, Heidelberg, Germany},
	Series = {Lecture Notes in Computer Science},
	Title = {Database and Expert Systems Applications, 17th International Conference, DEXA 2006, Krak{\'o}w, 2006, Proc.},
	Volume = {4080},
	Year = {2006}}

@proceedings{zz-dexa2008,
	Booktitle = {Database and Expert Systems Applications, 19th International Conference, DEXA 2008, 2008. Proc.},
	Date-Added = {2015-12-30 09:54:33 +0000},
	Date-Modified = {2015-12-30 09:54:33 +0000},
	Editor = {Sourav S. Bhowmick and Josef K{\"u}ng and Roland Wagner},
	Publisher = {Springer-Verlag},
	Series = {Lecture Notes in Computer Science},
	Title = {Database and Expert Systems Applications, 19th International Conference, DEXA 2008, 2008. Proc.},
	Volume = {5181},
	Year = {2008}}

@proceedings{zz-dexa2009,
	Booktitle = {{Database and Expert Systems Applications, 20th International Conference, DEXA 2009}},
	Date-Added = {2015-12-30 09:54:33 +0000},
	Date-Modified = {2015-12-30 09:54:33 +0000},
	Editor = {Bhowmick, S. s. and K{\"u}ng, J. and Wagner, R.},
	Publisher = {Springer, Heidelberg, Germany},
	Series = {Lecture Notes in Computer Science},
	Title = {{Database and Expert Systems Applications, 20th International Conference, DEXA 2009}},
	Volume = {5690},
	Year = {2009}}

@proceedings{zz-cidr2003,
	Booktitle = {First Biennial Conference on Innovative Data Systems Research, CIDR 2003},
	Date-Added = {2015-12-30 09:54:33 +0000},
	Date-Modified = {2015-12-30 09:54:33 +0000},
	Publisher = {www.crdrdb.org},
	Title = {First Biennial Conference on Innovative Data Systems Research, CIDR 2003},
	Year = {2007}}

@proceedings{zz-dasfaa2006,
	Booktitle = {Database Systems for Advanced Applications, 11th International Conference, DASFAA 2006},
	Date-Added = {2015-12-30 09:54:33 +0000},
	Date-Modified = {2015-12-30 09:54:33 +0000},
	Editor = {Lee, M. and Tan, K. and Wuwongse, V.},
	Publisher = {Springer, Heidelberg, Germany},
	Series = {Lecture Notes in Computer Science},
	Title = {Database Systems for Advanced Applications, 11th International Conference, DASFAA 2006},
	Volume = {3882},
	Year = {2006}}

@proceedings{zz-ecir2003,
	Booktitle = {Advances in Information Retrieval, 25th European Conference on IR Research, ECIR 2003},
	Date-Added = {2015-12-30 09:54:33 +0000},
	Date-Modified = {2015-12-30 09:54:33 +0000},
	Editor = {Sebastiani, F.},
	Publisher = {Springer-Verlag, Heidelberg, Germany},
	Series = {Lecture Notes in Computer Science},
	Title = {Advances in Information Retrieval, 25th European Conference on IR Research, ECIR 2003},
	Volume = {2633},
	Year = {2003}}

@proceedings{zz-edbt2000,
	Booktitle = {Advances in Database Technology - EDBT 2000, 7th International Conference on Extending Database Technology},
	Date-Added = {2015-12-30 09:54:33 +0000},
	Date-Modified = {2015-12-30 09:54:33 +0000},
	Editor = {Carlo Zaniolo and Peter C. Lockemann and Marc H. Scholl and Torsten Grust},
	Publisher = {Springer, Heidelberg, Germany},
	Series = {Lecture Notes in Computer Science},
	Title = {Advances in Database Technology - EDBT 2000, 7th International Conference on Extending Database Technology},
	Volume = {1777},
	Year = {2000}}

@proceedings{zz-edbtw2002,
	Booktitle = {XML-Based Data Management and Multimedia Engineering - EDBT 2002 Workshops, EDBT 2002 Workshops XMLDM, MDDE, and YRWS, Revised Papers},
	Date-Added = {2015-12-30 09:54:33 +0000},
	Date-Modified = {2015-12-30 09:54:33 +0000},
	Editor = {Akmal B. Chaudhri and Rainer Unland and Chabane Djeraba and Wolfgang Lindner},
	Publisher = {Springer, Heidelberg, Germany},
	Series = {Lecture Notes in Computer Science},
	Title = {XML-Based Data Management and Multimedia Engineering - EDBT 2002 Workshops, EDBT 2002 Workshops XMLDM, MDDE, and YRWS, Revised Papers},
	Volume = {2490},
	Year = {2002}}

@proceedings{zz-edbtw2006,
	Booktitle = {{Current Trends in Database Technology - EDBT Workshops, Revised Selected Papers}},
	Date-Added = {2015-12-30 09:54:33 +0000},
	Date-Modified = {2015-12-30 09:54:33 +0000},
	Editor = {Grust, T. and H{\"o}pfner, H. and Illarramendi, A. and Jablonski, S. and Mesiti, M. and M{\"u}ller, S. and Patranjan P. and Sattler, K. and Spiliopoulou, M. and Wijsen, J.},
	Publisher = {Springer, Heidelberg, Germany},
	Series = {Lecture Notes in Computer Science},
	Title = {{Current Trends in Database Technology - EDBT Workshops, Revised Selected Papers}},
	Volume = {4254},
	Year = {2006}}

@proceedings{zz-eswc2005,
	Booktitle = {The Semantic Web: Research and Applications, Second European Semantic Web Conference, ESWC 2005},
	Date-Added = {2015-12-30 09:54:33 +0000},
	Date-Modified = {2015-12-30 09:54:33 +0000},
	Editor = {Asunci{\'o}n G{\'o}mez-P{\'e}rez and J{\'e}r{\^o}me Euzenat},
	Publisher = {Springer, Heidelberg, Germany},
	Series = {Lecture Notes in Computer Science},
	Title = {The Semantic Web: Research and Applications, Second European Semantic Web Conference, ESWC 2005},
	Volume = {3532},
	Year = {2005}}

@proceedings{zz-fdia2008,
	Booktitle = {BCS-IRSG Symposium: Future Directions in Information Access},
	Date-Added = {2015-12-30 09:54:33 +0000},
	Date-Modified = {2015-12-30 09:54:33 +0000},
	Publisher = {Published as part of the eWiC Series},
	Title = {BCS-IRSG Symposium: Future Directions in Information Access},
	Year = {2008}}

@proceedings{zz-icde2001,
	Booktitle = {Proceedings of the 17th International Conference on Data Engineering},
	Date-Added = {2015-12-30 09:54:33 +0000},
	Date-Modified = {2015-12-30 09:54:33 +0000},
	Publisher = {IEEE Computer Society},
	Title = {Proceedings of the 17th International Conference on Data Engineering},
	Year = {2001}}

@proceedings{zz-icde2002,
	Booktitle = {Proceedings of the 18th International Conference on Data Engineering},
	Date-Added = {2015-12-30 09:54:33 +0000},
	Date-Modified = {2015-12-30 09:54:33 +0000},
	Publisher = {IEEE Computer Society},
	Title = {Proceedings of the 18th International Conference on Data Engineering},
	Year = {2002}}

@proceedings{zz-SIGMOD2005,
	Booktitle = {{Proc. ACM SIGMOD International Conference on Management of Data (SIGMOD 2005)}},
	Date-Added = {2015-12-30 09:53:47 +0000},
	Date-Modified = {2015-12-30 09:53:47 +0000},
	Editor = {{\"{O}}zcan, F.},
	Publisher = {{ACM Press, New York, USA}},
	Title = {{Proc. ACM SIGMOD International Conference on Management of Data (SIGMOD 2005)}},
	Year = {2005}}

@proceedings{zz-tpdl2013,
	Booktitle = {Proc. of the International Conference on Theory and Practice of Digital Libraries, TPDL 2013},
	Date-Added = {2015-12-30 09:52:17 +0000},
	Date-Modified = {2015-12-30 09:52:17 +0000},
	Publisher = {Springer},
	Series = {Lecture Notes in Computer Science},
	Title = {Proc. of the International Conference on Theory and Practice of Digital Libraries, TPDL 2013},
	Volume = {8092},
	Year = {2013}}

@proceedings{zz-mtsr2015,
	Bibsource = {dblp computer science bibliography, http://dblp.org},
	Biburl = {http://dblp.uni-trier.de/rec/bib/conf/mtsr/2015},
	Date-Added = {2015-12-16 14:43:32 +0000},
	Date-Modified = {2015-12-16 14:43:45 +0000},
	Doi = {10.1007/978-3-319-24129-6},
	Editor = {Emmanouel Garoufallou and Richard J. Hartley and Panorea Gaitanou},
	Isbn = {978-3-319-24128-9},
	Publisher = {Springer},
	Series = {Communications in Computer and Information Science},
	Timestamp = {Mon, 21 Sep 2015 14:06:49 +0200},
	Title = {Proceedings of Metadata and Semantics Research - 9th Research Conference, {MTSR} 2015},
	Url = {http://dx.doi.org/10.1007/978-3-319-24129-6},
	Volume = {544},
	Year = {2015},
	Bdsk-Url-1 = {http://dx.doi.org/10.1007/978-3-319-24129-6}}

@proceedings{zz-bigdataconf2013,
	Bibsource = {dblp computer science bibliography, http://dblp.org},
	Date-Added = {2015-06-25 14:21:28 +0000},
	Date-Modified = {2015-06-25 14:22:34 +0000},
	Editor = {Hu, X. and Young, T. Lin and Raghavan, V. and Wah, B. W. and Baeza{-}Yates, R. and Fox, G. and Shahabi, C. and Smith, M. and Yang, Q. and Ghani, R. and Fan, W and Lempel, R. and Nambiar, R.},
	Isbn = {978-1-4799-1292-6},
	Publisher = {{IEEE}},
	Timestamp = {Fri, 19 Dec 2014 16:49:47 +0100},
	Title = {{Proc. of the 2013 {IEEE} International Conference on Big Data, 6-9 October 2013, Santa Clara, CA, {USA}}},
	Year = {2013},
	Bdsk-Url-1 = {http://ieeexplore.ieee.org/xpl/mostRecentIssue.jsp?punumber=6679357}}

@proceedings{zz-SEBD2012,
	Booktitle = {{Proc. 20th Italian Symposium on Advanced Database Systems (SEBD 2012)}},
	Date-Added = {2012-06-14 10:33:49 +0000},
	Date-Modified = {2012-06-14 10:34:15 +0000},
	Editor = {Ferro, N. and Tanca, L.},
	Publisher = {{Edizioni Libreria Progetto, Padova, Italy}},
	Title = {{Proc. 20th Italian Symposium on Advanced Database Systems (SEBD 2012)}},
	Year = {2012}}

@proceedings{zz-WWW2003,
	Booktitle = {{Proc. 12th International Conference on World Wide Web (WWW 2003)}},
	Date-Added = {2012-06-14 10:25:01 +0000},
	Date-Modified = {2012-06-14 10:25:01 +0000},
	Editor = {Hencsey, G. and White, B. and Robin Chen, Y.-F. and Kov{\'a}cs, L. and Lawrence, S.},
	Publisher = {{ACM Press, New York, USA}},
	Title = {{Proc. 12th International Conference on World Wide Web (WWW 2003)}},
	Year = {2003}}

@proceedings{zz-Colis2,
	Booktitle = {{Proc. 2nd International Conference on Conceptions of Library and Information Science -- Integration in Perspective (CoLIS 2)}},
	Date-Added = {2012-04-15 17:36:50 +0200},
	Date-Modified = {2012-04-15 17:46:30 +0200},
	Editor = {Ingwersen, P. and Pors, N. O.},
	Publisher = {{Royal School of Librarianship, Copenaghen, Denmark}},
	Title = {{Proc. 2nd International Conference on Conceptions of Library and Information Science -- Integration in Perspective (CoLIS 2)}},
	Year = {1996}}

@proceedings{zz-SIGIR2010,
	Booktitle = {{Proc. 33rd Annual International ACM SIGIR Conference on Research and Development in Information Retrieval (SIGIR 2010)}},
	Date-Added = {2011-12-30 15:48:17 +0100},
	Date-Modified = {2011-12-30 15:48:17 +0100},
	Editor = {Crestani, F. and Marchand-Maillet, S. and Efthimiadis, E. N. and Savoy, J.},
	Publisher = {{ACM Press, New York, USA}},
	Title = {{Proc. 33rd Annual International ACM SIGIR Conference on Research and Development in Information Retrieval (SIGIR 2010)}},
	Year = {2010}}

@proceedings{zz-CIKM2011,
	Booktitle = {{Proc. 20th International Conference on Information and Knowledge Management (CIKM 2011)}},
	Date-Added = {2011-11-01 10:16:55 +0100},
	Date-Modified = {2012-02-27 19:17:18 +0100},
	Editor = {Ounis, I. and Ruthven, I. and Berendt, B. and de Vries, A. P. and Wenfei, F.},
	Publisher = {{ACM Press, New York, USA}},
	Title = {{Proc. 20h International Conference on Information and Knowledge Management (CIKM 2011)}},
	Year = {2009}}

@proceedings{zz-EVIA2007,
	Booktitle = {{Proc. 1st International Workshop on Evaluating Information Access (EVIA 2007)}},
	Date-Added = {2011-11-01 10:03:55 +0100},
	Date-Modified = {2011-11-01 10:03:55 +0100},
	Editor = {Sakay, T. and Sanderson, M. and Evans, D. K.},
	Publisher = {{National Institute of Informatics, Tokyo, Japan}},
	Title = {{Proc. 1st International Workshop on Evaluating Information Access (EVIA 2007)}},
	Year = {2007}}

@proceedings{zz-ER1980,
	Booktitle = {{Proc. 1st International Conference on the Entity-Relationship Approach to Systems Analysis and Design (ER 1980)}},
	Date-Added = {2011-10-26 13:22:30 +0200},
	Date-Modified = {2011-10-26 13:28:27 +0200},
	Editor = {Chen, P. P.},
	Publisher = {{North-Holland Publishing Co. Amsterdam, The Netherlands}},
	Title = {{Proc. 1st International Conference on the Entity-Relationship Approach to Systems Analysis and Design (ER 1980)}},
	Year = {1980}}

@proceedings{zz-CLEF2011WN,
	Booktitle = {{CLEF 2011 Labs and Workshops, Notebook Papers}},
	Date-Added = {2011-10-22 19:38:48 +0200},
	Date-Modified = {2011-10-22 19:39:31 +0200},
	Editor = {Petras, V. and Forner, P. and Clough, P.},
	Publisher = {{MINT srl, Trento, Italy. ISBN 978-88-904810-1-7.}},
	Title = {{CLEF 2011 Labs and Workshops, Notebook Papers}},
	Year = {2011}}

@proceedings{zz-CLEF2011Proc,
	Booktitle = {{Multilingual and Multimodal Information Access Evaluation. Proceedings of the Second International Conference of the Cross-Language Evaluation Forum (CLEF 2011)}},
	Date-Added = {2011-10-22 19:36:39 +0200},
	Date-Modified = {2011-12-30 14:39:43 +0100},
	Editor = {Forner, P. and Gonzalo, J. and Kek\"{a}l\"{a}inen, J. and Lalmas, M. and de Rijke, M.},
	Publisher = {{Lecture Notes in Computer Science (LNCS) 6941, Springer, Heidelberg, Germany}},
	Title = {{Multilingual and Multimodal Information Access Evaluation. Proceedings of the Second International Conference of the Cross-Language Evaluation Forum (CLEF 2011)}},
	Year = {2011}}

@proceedings{zz-SEBD2011,
	Booktitle = {{Proc. 19th Italian Symposium on Advanced Database Systems (SEBD 2011)}},
	Date-Added = {2011-06-01 16:28:44 +0200},
	Date-Modified = {2011-10-22 15:07:58 +0200},
	Editor = {Mecca, G. and Greco, S.},
	Publisher = {{Universit{\`a} della Basilicata, Italy}},
	Title = {{Proc. 19th Italian Symposium on Advanced Database Systems (SEBD 2011)}},
	Year = {2011}}

@proceedings{zz-IRCDL2011,
	Booktitle = {{Digital Libraries and Archives - Proc. 7th Italian Research Conference (IRCDL 2011)}},
	Date-Added = {2011-03-10 09:55:12 +0100},
	Date-Modified = {2012-02-27 19:00:09 +0100},
	Editor = {Agosti, M. and Esposito, F. and Meghini, C. and Orio, N.},
	Publisher = {{Communications in Computer and Information Science (CCIS) 249, Springer, Heidelberg, Germany}},
	Title = {{Digital Libraries and Archives - Proc. 7th Italian Research Conference (IRCDL 2011)}},
	Year = {2011}}

@proceedings{zz-SIGIR1993,
	Booktitle = {{Proc. 16th Annual International ACM SIGIR Conference on Research and Development in Information Retrieval (SIGIR 1993)}},
	Date-Added = {2011-03-09 09:22:18 +0100},
	Date-Modified = {2011-03-09 09:22:18 +0100},
	Editor = {Korfhage, R. and Rasmussen, E. and Willett, P.},
	Publisher = {{ACM Press, New York, USA}},
	Title = {{Proc. 16th Annual International ACM SIGIR Conference on Research and Development in Information Retrieval (SIGIR 1993)}},
	Year = {1993}}

@proceedings{zz-SIGIR2011,
	Booktitle = {{Proc. 34th Annual International ACM SIGIR Conference on Research and Development in Information Retrieval (SIGIR 2011)}},
	Date-Added = {2011-02-16 09:05:48 +0100},
	Date-Modified = {2011-12-30 15:50:35 +0100},
	Editor = {Ma, W.-Y. and Nie, J.-Y. and Baeza-Yaetes, R. and Chua, T.-S. and Croft, W. B.},
	Publisher = {{ACM Press, New York, USA}},
	Title = {{Proc. 34th Annual International ACM SIGIR Conference on Research and Development in Information Retrieval (SIGIR 2011)}},
	Year = {2011}}

@proceedings{zz-SIGIR2009,
	Booktitle = {{Proc. 32nd Annual International ACM SIGIR Conference on Research and Development in Information Retrieval (SIGIR 2009)}},
	Date-Added = {2011-02-16 09:02:17 +0100},
	Date-Modified = {2011-02-16 09:05:43 +0100},
	Editor = {Allan, J. and Aslam, J. A. and Sanderson, M. and Zhai, C. and Zobel, J.},
	Publisher = {{ACM Press, New York, USA}},
	Title = {{Proc. 32nd Annual International ACM SIGIR Conference on Research and Development in Information Retrieval (SIGIR 2009)}},
	Year = {2009}}

@proceedings{zz-BibaXhafa2011-Editor,
	Annote = {LabBD},
	Booktitle = {{Learning Structure and Schemas from Documents}},
	Date-Added = {2011-01-04 16:45:13 +0100},
	Date-Modified = {2011-01-04 16:48:00 +0100},
	Editor = {Biba, M. and Xhafa, F.},
	Publisher = {{Springer-Verlag, Heidelberg, Germany}},
	Title = {{Learning Structure and Schemas from Documents}},
	Year = {2011}}

@proceedings{zz-CLEF2010WN,
	Booktitle = {{CLEF 2010 Labs and Workshops, Notebook Papers}},
	Date-Added = {2010-11-04 09:14:02 +0100},
	Date-Modified = {2010-11-04 09:16:17 +0100},
	Editor = {Braschler, M. and Harman, D. K. and Pianta, E.},
	Publisher = {{MINT srl, Trento, Italy. ISBN 978-88-904810-0-0.}},
	Title = {{CLEF 2010 Labs and Workshops, Notebook Papers}},
	Year = {2010}}

@proceedings{zz-CLEF2010Proc,
	Booktitle = {{Multilingual and Multimodal Information Access Evaluation. Proceedings of the International Conference of the Cross-Language Evaluation Forum (CLEF 2010)}},
	Date-Added = {2010-11-04 09:06:24 +0100},
	Date-Modified = {2010-11-04 09:13:59 +0100},
	Editor = {Agosti, M. and Ferro, N. and Peters, C. and de Rijke, M. and Smeaton, A.},
	Publisher = {{Lecture Notes in Computer Science (LNCS) 6360, Springer, Heidelberg, Germany}},
	Title = {{Multilingual and Multimodal Information Access Evaluation. Proceedings of the International Conference of the Cross-Language Evaluation Forum (CLEF 2010)}},
	Year = {2010}}

@proceedings{zz-IV2006,
	Booktitle = {{Proc. of the 10th International Conference on Information Visualization (IV 2006)}},
	Date-Added = {2010-05-14 22:57:55 +0200},
	Date-Modified = {2010-05-14 23:04:37 +0200},
	Editor = {Banissi, E.},
	Publisher = {{IEEE Computer Society, Los Alamitos, CA, USA}},
	Title = {{Proc. of the 10th International Conference on Information Visualization (IV 2006)}},
	Year = {2006}}

@proceedings{zz-HarmanVoorhees2005-editor,
	Annote = {LabBD},
	Booktitle = {{TREC. Experiment and Evaluation in Information Retrieval}},
	Date-Added = {2010-05-11 12:36:23 +0200},
	Date-Modified = {2010-05-11 12:36:32 +0200},
	Editor = {Harman, D. K. and Voorhees, E. M.},
	Publisher = {{MIT Press, Cambridge (MA), USA}},
	Title = {{TREC. Experiment and Evaluation in Information Retrieval}},
	Year = {2005}}

@proceedings{zz-SEBD2010,
	Booktitle = {{Proc. 18th Italian Symposium on Advanced Database Systems (SEBD 2010)}},
	Date-Added = {2010-05-04 08:24:28 +0200},
	Date-Modified = {2011-01-04 22:27:26 +0100},
	Editor = {Martoglia, R. and Bergamaschi, S. and Lodi, S. and Sartori, C.},
	Publisher = {Societ\`a Editrice Esculapio, Bologna, Italy},
	Title = {{Proc. 18th Italian Symposium on Advanced Database Systems (SEBD 2010)}},
	Year = {2010}}

@proceedings{zz-CLEF2009ProcVolI,
	Booktitle = {{Multilingual Information Access Evaluation Vol. I Text Retrieval Experiments -- Tenth Workshop of the Cross--Language Evaluation Forum (CLEF 2009). Revised Selected Papers}},
	Date-Added = {2010-05-03 14:34:50 +0200},
	Date-Modified = {2010-12-02 13:18:59 +0100},
	Editor = {Peters, C. and Di Nunzio, G. M. and Kurimo, M. and Mandl, T. and Mostefa, D. and Pe{\~n}as, A. and Roda, G.},
	Publisher = {{Lecture Notes in Computer Science (LNCS) 6241, Springer, Heidelberg, Germany}},
	Title = {{Multilingual Information Access Evaluation Vol. I Text Retrieval Experiments -- Tenth Workshop of the Cross--Language Evaluation Forum (CLEF 2009). Revised Selected Papers}},
	Year = {2010}}

@proceedings{zz-NTCIR8,
	Booktitle = {{Proc. 8th NTCIR Workshop Meeting on Evaluation of Information Access Technologies: Information Retrieval, Question Answering and Cross-Lingual Information Access}},
	Date-Added = {2010-05-03 13:05:47 +0200},
	Date-Modified = {2010-06-15 10:37:11 +0200},
	Editor = {Kando, N. and Kishida, K.},
	Publisher = {{National Institute of Informatics, Tokyo, Japan}},
	Title = {{Proc. 8th NTCIR Workshop Meeting on Evaluation of Information Access Technologies: Information Retrieval, Question Answering and Cross-Lingual Information Access}},
	Year = {2010}}

@proceedings{zz-CLEF2009ProcVolII,
	Booktitle = {{Multilingual Information Access Evaluation Vol. II Multimedia Experiments -- Tenth Workshop of the Cross--Language Evaluation Forum (CLEF 2009). Revised Selected Papers}},
	Date-Added = {2010-05-03 12:54:46 +0200},
	Date-Modified = {2010-05-03 14:36:33 +0200},
	Editor = {Peters, C. and Tsikrika, T. and M{\"u}ller, H. and Kalpathy-Cramer, J. and Jones, G. J. F. and Gonzalo, J. and Caputo, B.},
	Publisher = {{Lecture Notes in Computer Science (LNCS), Springer, Heidelberg, Germany}},
	Title = {{Multilingual Information Access Evaluation Vol. II Multimedia Experiments -- Tenth Workshop of the Cross--Language Evaluation Forum (CLEF 2009). Revised Selected Papers}},
	Year = {2010}}

@proceedings{zz-EVIA2010,
	Booktitle = {{Proc. 3rd International Workshop on Evaluating Information Access (EVIA 2010)}},
	Date-Added = {2010-04-26 08:41:39 +0200},
	Date-Modified = {2010-05-19 13:40:57 +0200},
	Editor = {Sakay, T. and Sanderson, M. and Webber, W.},
	Publisher = {{National Institute of Informatics, Tokyo, Japan}},
	Title = {{Proc. 3rd International Workshop on Evaluating Information Access (EVIA 2010)}},
	Year = {2010}}

@proceedings{zz-IglezakisEtAl2010-editor,
	Annote = {LabBD},
	Booktitle = {{E-Publishing and Digital Libraries: Legal and Organizational Issues}},
	Date-Added = {2010-04-13 08:15:41 +0200},
	Date-Modified = {2010-12-16 00:00:48 +0100},
	Editor = {Iglezakis, I. and Synodinou, T.-E. and Kapidakis, S.},
	Publisher = {{IGI Global, USA}},
	Title = {{E-Publishing and Digital Libraries: Legal and Organizational Issues}},
	Year = {2010}}

@proceedings{zz-WI2009,
	Booktitle = {{Proc. 2009 IEEE/WIC/ACM International Joint Conference on Web Intelligence and Intelligent Agent Technology}},
	Date-Added = {2010-02-09 17:34:03 +0100},
	Date-Modified = {2010-02-09 17:40:37 +0100},
	Editor = {Baeza-Yates, R. and Berendt, B. and Bertino, E. and Lim, E.-P. and Pasi, G.},
	Publisher = {{IEEE Computer Society, Los Alamitos, CA, USA}},
	Title = {{Proc. 2009 IEEE/WIC/ACM International Joint Conference on Web Intelligence and Intelligent Agent Technology}},
	Year = {2009}}

@proceedings{zz-CHONLINE2009,
	Booktitle = {{International Conference on Cultural Heritage Online - Empowering Users: an Active Role for User Communities}},
	Date-Added = {2010-02-09 17:31:26 +0100},
	Date-Modified = {2010-02-25 08:50:59 +0100},
	Editor = {Cirinn{\`a}, C. and Lunghi, M.},
	Publisher = {{Fondazione Rinascimento Digitale, Firenze, Italy}},
	Title = {{International Conference on Cultural Heritage Online - Empowering Users: an Active Role for User Communities}},
	Year = {2009}}

@proceedings{zz-IRCDL2010,
	Booktitle = {{Digital Libraries. Proceedings of the Sixth Italian Research Conference (IRCDL 2010)}},
	Date-Added = {2010-02-09 17:30:57 +0100},
	Date-Modified = {2011-01-04 16:58:30 +0100},
	Editor = {Agosti, M. and Esposito, F. and Thanos, C.},
	Publisher = {{Springer-Verlag, Heidelberg, Germany}},
	Title = {{Digital Libraries. Proceedings of the Sixth Italian Research Conference (IRCDL 2010)}},
	Year = {2010}}

@proceedings{zz-CLEF2009WN,
	Booktitle = {{Working Notes for the CLEF 2009 Workshop}},
	Date-Added = {2009-09-15 06:15:04 +0200},
	Date-Modified = {2009-09-15 06:15:22 +0200},
	Editor = {Borri, F. and Nardi, A. and Peters, C.},
	Publisher = {{Published Online}},
	Title = {{Working Notes for the CLEF 2009 Workshop}},
	Year = {2009}}

@proceedings{zz-CIKM2009,
	Booktitle = {{Proc. 18th International Conference on Information and Knowledge Management (CIKM 2009)}},
	Date-Added = {2009-09-03 13:45:29 +0200},
	Date-Modified = {2009-09-03 13:45:29 +0200},
	Publisher = {{ACM Press, New York, USA}},
	Title = {{Proc. 18th International Conference on Information and Knowledge Management (CIKM 2009)}},
	Year = {2009}}

@proceedings{zz-DIR2009,
	Booktitle = {{Proc. 9th Dutch-Belgian Information Retrieval Workshop (DIR 2009)}},
	Date-Added = {2009-09-03 13:39:47 +0200},
	Date-Modified = {2009-09-03 13:47:40 +0200},
	Editor = {Aly, R. and Hauff, C. and den Hamer, I. and Hiemstra, D. and Huibers, T. and de Jong, F.},
	Publisher = {{Enschede, University of Twente, Centre for Telematics and Information Technology}},
	Title = {{Proc. 9th Dutch-Belgian Information Retrieval Workshop (DIR 2009)}},
	Year = {2009}}

@proceedings{zz-ECDL2008,
	Booktitle = {{Proc. 12th European Conference on Research and Advanced Technology for Digital Libraries (ECDL 2008)}},
	Date-Added = {2009-05-13 12:26:09 +0200},
	Date-Modified = {2009-05-13 12:26:09 +0200},
	Editor = {Christensen-Dalsgaard, B. and Castelli, D. and Lippincott, J. K. and Ammitzb{\o}ll Jurik, B.},
	Publisher = {{Lecture Notes in Computer Science (LNCS) 5173, Springer, Heidelberg, Germany}},
	Title = {{Proc. 12th European Conference on Research and Advanced Technology for Digital Libraries (ECDL 2008)}},
	Year = {2008}}

@proceedings{zz-SEBD2008,
	Booktitle = {{Proc. 16th Italian Symposium on Advanced Database Systems (SEBD 2008)}},
	Date-Added = {2009-05-13 12:18:57 +0200},
	Date-Modified = {2009-05-13 12:18:57 +0200},
	Editor = {Gaglio, S. and Infantino, I. and Sacc{\`a}, D.},
	Publisher = {{Fotograf, Palermo, Italy}},
	Title = {{Proc. 16th Italian Symposium on Advanced Database Systems (SEBD 2008)}},
	Year = {2008}}

@proceedings{zz-itAIS2007,
	Booktitle = {{Proc. 4th Conference of the Italian Chapter of AIS -- The Interdisciplinary Aspects of Information Systems Studies (itAIS 2007)}},
	Date-Added = {2009-03-07 10:41:41 +0100},
	Date-Modified = {2010-06-11 10:29:13 +0200},
	Editor = {D'Atri, A. and De Marco, M. and Casalino, N.},
	Publisher = {{Physica-Verlag, Heidelberg, Germany}},
	Title = {{Proc. 4th Conference of the Italian Chapter of AIS -- The Interdisciplinary Aspects of Information Systems Studies (itAIS 2007)}},
	Year = {2008}}

@proceedings{zz-CLEF2007Proc,
	Booktitle = {{Advances in Multilingual and Multimodal Information Retrieval: Eighth Workshop of the Cross--Language Evaluation Forum (CLEF 2007). Revised Selected Papers}},
	Date-Added = {2009-02-08 12:00:24 +0100},
	Date-Modified = {2009-02-08 12:00:24 +0100},
	Editor = {Peters, C. and Jijkoun, V. and Mandl, T. and M{\"u}ller, H. and Oard, D. W. and Pe{\~n}as, A. and Petras, V. and Santos, D.},
	Publisher = {{Lecture Notes in Computer Science (LNCS) 5152, Springer, Heidelberg, Germany}},
	Title = {{Advances in Multilingual and Multimodal Information Retrieval: Eighth Workshop of the Cross--Language Evaluation Forum (CLEF 2007). Revised Selected Papers}},
	Year = {2008}}

@proceedings{zz-Agosti2008-Editor,
	Annote = {LabBD},
	Booktitle = {{Information Access through Search Engines and Digital Libraries}},
	Date-Added = {2009-02-08 11:34:34 +0100},
	Date-Modified = {2009-02-08 11:34:34 +0100},
	Editor = {Agosti, M.},
	Publisher = {{Springer-Verlag, Heidelberg, Germany}},
	Title = {{Information Access through Search Engines and Digital Libraries}},
	Year = {2008}}

@proceedings{zz-IRCDL2008,
	Booktitle = {{Post-proceedings of the Fourth Italian Research Conference on Digital Library Systems (IRCDL 2008)}},
	Date-Added = {2009-02-08 11:14:20 +0100},
	Date-Modified = {2009-02-08 11:14:20 +0100},
	Editor = {Agosti, M. and Esposito, F. and Thanos, C.},
	Publisher = {{ISTI-CNR at Gruppo ALI, Pisa, Italy}},
	Title = {{Post-proceedings of the Fourth Italian Research Conference on Digital Library Systems (IRCDL 2008)}},
	Year = {2008}}

@proceedings{zz-NTCIR6,
	Booktitle = {{Proc. 6th NTCIR Workshop Meeting on Evaluation of Information Access Technologies: Information Retrieval, Question Answering and Cross-Lingual Information Access}},
	Date-Added = {2008-12-16 03:19:03 +0100},
	Date-Modified = {2008-12-16 03:19:03 +0100},
	Editor = {Kando, N. and Evans, D. K.},
	Publisher = {{National Institute of Informatics, Tokyo, Japan}},
	Title = {{Proc. 6th NTCIR Workshop Meeting on Evaluation of Information Access Technologies: Information Retrieval, Question Answering and Cross-Lingual Information Access}},
	Year = {2007}}

@proceedings{zz-SAC1993,
	Booktitle = {{Proc. 1993 ACM/SIGAPP Symposium on Applied Computing (SAC 1993)}},
	Date-Added = {2008-10-19 11:46:59 +0200},
	Date-Modified = {2008-10-19 11:46:59 +0200},
	Editor = {Deaton, E. and George, K. M. and Berghel, H. and Hedrick, G.},
	Publisher = {{ACM Press, New York, USA}},
	Title = {{Proc. 1993 ACM/SIGAPP Symposium on Applied Computing (SAC 1993)}},
	Year = {1993}}

@proceedings{zz-CLEF2008WN,
	Booktitle = {{Working Notes for the CLEF 2008 Workshop}},
	Date-Added = {2008-09-24 14:13:05 +0200},
	Date-Modified = {2008-09-24 14:13:05 +0200},
	Editor = {Borri, F. and Nardi, A. and Peters, C.},
	Publisher = {{Published Online}},
	Title = {{Working Notes for the CLEF 2008 Workshop}},
	Year = {2008}}

@proceedings{zz-CLEF2007WN,
	Booktitle = {{Working Notes for the CLEF 2007 Workshop}},
	Date-Added = {2008-09-11 14:18:42 +0200},
	Date-Modified = {2008-09-11 14:18:42 +0200},
	Editor = {Nardi, A. and Peters, C.},
	Publisher = {{Published Online}},
	Title = {{Working Notes for the CLEF 2007 Workshop}},
	Year = {2007}}

@proceedings{zz-SIGIR2007,
	Booktitle = {{Proc. 30th Annual International ACM SIGIR Conference on Research and Development in Information Retrieval (SIGIR 2007)}},
	Date-Added = {2008-09-01 05:30:52 +0200},
	Date-Modified = {2008-09-01 05:30:52 +0200},
	Editor = {Kraaij, W. and de Vries, A. P. and Clarke, C. L. A. and Fuhr, N. and Kando, N.},
	Publisher = {{ACM Press, New York, USA}},
	Title = {{Proc. 30th Annual International ACM SIGIR Conference on Research and Development in Information Retrieval (SIGIR 2007)}},
	Year = {2007}}

@proceedings{zz-AgostiSmeaton1996-editor,
	Annote = {LabBD},
	Booktitle = {{Information Retrieval and Hypertext}},
	Date-Added = {2008-08-15 11:49:06 +0200},
	Date-Modified = {2008-08-15 11:49:06 +0200},
	Editor = {Agosti, M. and Smeaton, A.},
	Publisher = {{Kluwer Academic Publishers, Norwell (MA), USA}},
	Title = {{Information Retrieval and Hypertext}},
	Year = {1996}}

@proceedings{zz-CLEF2006Proc,
	Booktitle = {{Evaluation of Multilingual and Multi-modal Information Retrieval : Seventh Workshop of the Cross--Language Evaluation Forum (CLEF 2006). Revised Selected Papers}},
	Date-Added = {2008-07-08 20:02:38 +0200},
	Date-Modified = {2008-07-08 20:05:16 +0200},
	Editor = {Peters, C. and Clough, P. and Gey, F. C. and Karlgren, J. and Magnini, B. and Oard, D. W. and de Rijke, M. and Stempfhuber, M.},
	Publisher = {{Lecture Notes in Computer Science (LNCS) 4730, Springer, Heidelberg, Germany}},
	Title = {{Evaluation of Multilingual and Multi-modal Information Retrieval : Seventh Workshop of the Cross--Language Evaluation Forum (CLEF 2006). Revised Selected Papers}},
	Year = {2007}}

@proceedings{zz-SEBD2007,
	Booktitle = {{Proc. 15th Italian Symposium on Advanced Database Systems (SEBD 2007)}},
	Date-Added = {2008-07-08 17:10:32 +0200},
	Date-Modified = {2008-07-08 17:10:32 +0200},
	Editor = {Ceci, M. and Malerba, D. and Tanca, L.},
	Publisher = {{Sagraf srl, Z.I. Capurso, Bari, Italia, \url{http://www.di.uniba.it/~malerba/activities/SEBD/ProceedingsSEBD2007.pdf} [last visited 2007, August 20]}},
	Title = {{Proc. 15th Italian Symposium on Advanced Database Systems (SEBD 2007)}},
	Year = {2007}}

@proceedings{zz-ECDL2009,
	Booktitle = {{Proc. 13th European Conference on Research and Advanced Technology for Digital Libraries (ECDL 2009)}},
	Date-Added = {2008-07-08 16:59:04 +0200},
	Date-Modified = {2010-02-15 19:47:56 +0100},
	Editor = {Agosti, M. and Borbinha, J. and Kapidakis, S. and Papatheodorou, C. and Tsakonas, G.},
	Publisher = {{Lecture Notes in Computer Science (LNCS) 5714, Springer, Heidelberg, Germany}},
	Title = {{Proc. 13th European Conference on Research and Advanced Technology for Digital Libraries (ECDL 2009)}},
	Year = {2009}}

@proceedings{zz-ECIR2007,
	Booktitle = {{Advances in Information Retrieval. Proc. 29th European Conference on IR Research (ECIR 2007)}},
	Date-Added = {2008-07-08 16:37:56 +0200},
	Date-Modified = {2008-07-08 16:37:56 +0200},
	Editor = {Amati, G. and Carpineto, C. and Romano, G.},
	Publisher = {{Lecture Notes in Computer Science (LNCS) 4425, Springer, Heidelberg, Germany}},
	Title = {{Advances in Information Retrieval. Proc. 29th European Conference on IR Research (ECIR 2007)}},
	Year = {2007}}

@proceedings{zz-JCDL2007,
	Booktitle = {{Proc. 7th ACM/IEEE-CS Joint Conference on Digital Libraries (JCDL 2007)}},
	Date-Added = {2008-07-08 16:36:20 +0200},
	Date-Modified = {2008-07-08 16:36:20 +0200},
	Editor = {Rasmussen, E. and Larson, R. R. and Toms, E. and Sugimoto, S.},
	Publisher = {{ACM Press, New York, USA}},
	Title = {{Proc. 7th ACM/IEEE-CS Joint Conference on Digital Libraries (JCDL 2007)}},
	Year = {2007}}

@proceedings{zz-TsakonasPapatheodorou2009-Editor,
	Annote = {LabBD},
	Booktitle = {{Evaluation of Digital Libraries: An insight into useful applications and methods}},
	Date-Modified = {2009-09-01 19:50:29 +0200},
	Editor = {Tsakonas, G. and Papatheodorou, C.},
	Publisher = {{Chandos Publishing, Oxford, UK}},
	Title = {{Evaluation of Digital Libraries: An insight into useful applications and methods}},
	Year = {2009}}

@proceedings{zz-AgostiCrestaniPasi2001-editor,
	Annote = {LabBD},
	Booktitle = {{Lectures on Information Retrieval -- Third European Summer-School, ESSIR 2000}},
	Editor = {Agosti, M. and Crestani, F. and Pasi, G.},
	Publisher = {{Lecture Notes in Computer Science (LNCS) 1980, Springer, Heidelberg, Germany}},
	Title = {{Lectures on Information Retrieval -- Third European Summer-School, ESSIR 2000}},
	Year = {2001}}

@proceedings{zz-FrakesBaezaYates1992-editor,
	Annote = {LabBD},
	Booktitle = {{Information Retrieval: Data Structures {\&} Algorithms}},
	Date-Modified = {2008-08-15 11:51:26 +0200},
	Editor = {Frakes, W. B. and Baeza-Yaetes, R. A.},
	Publisher = {{Prentice Hall, Englewood Cliffs (N.J), USA}},
	Title = {{Information Retrieval: Data Structures {\&} Algorithms}},
	Year = {1992}}

@proceedings{zz-AI*IA2007,
	Booktitle = {{Proc. 10th Congress of the Italian Association for Artificial Intelligence. Artificial Intelligence and Human-Oriented Computing (AI*IA 2007)}},
	Editor = {Basili, R. and Pazienza, M. T.},
	Publisher = {{Lecture Notes in Artificial Intelligence (LNAI) 4733, Springer, Heidelberg, Germany}},
	Title = {{Proc. 10th Congress of the Italian Association for Artificial Intelligence. Artificial Intelligence and Human-Oriented Computing (AI*IA 2007)}},
	Year = {2007}}

@proceedings{zz-AIR2006,
	Booktitle = {{First International Workshop on Adaptive Information Retrieval (AIR 2006)}},
	Editor = {Joho, H. and Urban, J. and Villa, R. and Jose, J. M. and van Rijsbergen, C. J.},
	Month = {October},
	Publisher = {{\url{http://www.dcs.gla.ac.uk/workshops/air/air2006_program.pdf} [last visited 2007, March 23]}},
	Title = {{First International Workshop on Adaptive Information Retrieval (AIR 2006)}},
	Year = {2006}}

@proceedings{zz-AMIA1999Proc,
	Booktitle = {{Proc. of the American Medical Informatics Association Annual Symposium (AMIA 1999)}},
	Title = {{Proc. of the American Medical Informatics Association Annual Symposium (AMIA 1999)}},
	Year = {1999}}

@proceedings{zz-AMIA2002Proc,
	Booktitle = {{Proc. of the American Medical Informatics Association Annual Symposium (AMIA 2002)}},
	Title = {{Proc. of the American Medical Informatics Association Annual Symposium (AMIA 2002)}},
	Year = {2002}}

@proceedings{zz-AP2PC2003,
	Booktitle = {{Proc. 2nd International Workshop on Agents and Peer-to-Peer Computing (AP2PC 2003). Revised and Invited Papers}},
	Editor = {Moro, G. and Sartori, C. and Singh, M. P.},
	Publisher = {{Lecture Notes in Computer Science (LNCS) 2872, Springer, Heidelberg, Germany}},
	Title = {{Proc. 2nd International Workshop on Agents and Peer-to-Peer Computing (AP2PC 2003). Revised and Invited Papers}},
	Year = {2004}}

@proceedings{zz-ASIAN2004,
	Booktitle = {{Proc. 9th Asian Computing Science Conference -- Advances in Computer Science (ASIAN 2004) -- Higher Decision Making. Dedicated to Jean-Louis Lassez on the Occasion of His 5th Cycle Birthday}},
	Editor = {Maher, M. J.},
	Publisher = {{Lecture Notes in Computer Science (LNCS) 3321, Springer, Heidelberg, Germany}},
	Title = {{Proc. 9th Asian Computing Science Conference -- Advances in Computer Science (ASIAN 2004) -- Higher Decision Making. Dedicated to Jean-Louis Lassez on the Occasion of His 5th Cycle Birthday}},
	Year = {2004}}

@proceedings{zz-AVI2004,
	Booktitle = {{Proc. Working Conference on Advanced Visual Interfaces (AVI 2004)}},
	Editor = {Costabile, M. F.},
	Publisher = {{ACM Press, New York, USA}},
	Title = {{Proc. Working Conference on Advanced Visual Interfaces (AVI 2004)}},
	Year = {2004}}

@proceedings{zz-AVI2006,
	Booktitle = {{Proc. Working Conference on Advanced Visual Interfaces (AVI 2006)}},
	Editor = {Celentano, A. and Mussio, P.},
	Publisher = {{ACM Press, New York, USA}},
	Title = {{Proc. Working Conference on Advanced Visual Interfaces (AVI 2006)}},
	Year = {2006}}

@proceedings{zz-CHI1987,
	Booktitle = {{Proc. Conference on Human Factors in Computing Systems and Graphics Interface (CHI 1987)}},
	Editor = {Carroll, J. M. and Tanner, P. P.},
	Publisher = {{ACM Press, New York, USA}},
	Title = {{Proc. Conference on Human Factors in Computing Systems and Graphics Interface (CHI 1987)}},
	Year = {1987}}

@proceedings{zz-CHI2000,
	Booktitle = {{Proc. Conference on Human Factors and Computing Systems (CHI 2000)}},
	Editor = {Turner, T. and Szwillus, G.},
	Publisher = {{ACM Press, New York, USA}},
	Title = {{Proc. Conference on Human Factors and Computing Systems (CHI 2000)}},
	Year = {2000}}

@proceedings{zz-CHI2000-Abs,
	Booktitle = {{Proc. Conference on Human Factors and Computing Systems (CHI 2000) -- Extended Abstracts on Human Factors in Computer Systems}},
	Editor = {Tremaine, M.},
	Publisher = {{ACM Press, New York, USA}},
	Title = {{Proc. Conference on Human Factors and Computing Systems (CHI 2000) -- Extended Abstracts on Human Factors in Computer Systems}},
	Year = {2000}}

@proceedings{zz-CHI2001,
	Booktitle = {{Proc. Conference on Human Factors and Computing Systems (CHI 2001)}},
	Editor = {Jacko, J. and Sears, A.},
	Publisher = {{ACM Press, New York, USA}},
	Title = {{Proc. Conference on Human Factors and Computing Systems (CHI 2001)}},
	Year = {2001}}

@proceedings{zz-CHI2001-Abs,
	Booktitle = {{Proc. Conference on Human Factors and Computing Systems (CHI 2001) -- Extended Abstracts on Human Factors in Computer Systems}},
	Editor = {Tremaine, M.},
	Publisher = {{ACM Press, New York, USA}},
	Title = {{Proc. Conference on Human Factors and Computing Systems (CHI 2001) -- Extended Abstracts on Human Factors in Computer Systems}},
	Year = {2001}}

@proceedings{zz-CHI2002,
	Booktitle = {{Proc. Conference on Human Factors and Computing Systems (CHI 2002)}},
	Editor = {Wixon, D.},
	Publisher = {{ACM Press, New York, USA}},
	Title = {{Proc. Conference on Human Factors and Computing Systems (CHI 2002)}},
	Year = {2002}}

@proceedings{zz-CHI2002-Abs,
	Booktitle = {{Proc. Conference on Human Factors and Computing Systems (CHI 2002) -- Extended Abstracts on Human Factors in Computer Systems}},
	Editor = {Terveen, L. and Wixon, D.},
	Publisher = {{ACM Press, New York, USA}},
	Title = {{Proc. Conference on Human Factors and Computing Systems (CHI 2002) -- Extended Abstracts on Human Factors in Computer Systems}},
	Year = {2002}}

@proceedings{zz-CHI2003,
	Booktitle = {{Proc. Conference on Human Factors and Computing Systems (CHI 2003)}},
	Editor = {Cockton, G. and Korhonen, P.},
	Publisher = {{ACM Press, New York, USA}},
	Title = {{Proc. Conference on Human Factors and Computing Systems (CHI 2003)}},
	Year = {2003}}

@proceedings{zz-CHI2003-Abs,
	Booktitle = {{Proc. Conference on Human Factors and Computing Systems (CHI 2003) -- Extended Abstracts on Human Factors in Computer Systems}},
	Editor = {Cockton, G. and Korhonen, P.},
	Publisher = {{ACM Press, New York, USA}},
	Title = {{Proc. Conference on Human Factors and Computing Systems (CHI 2003) -- Extended Abstracts on Human Factors in Computer Systems}},
	Year = {2003}}

@proceedings{zz-CHI2004,
	Booktitle = {{Proc. Conference on Human Factors and Computing Systems (CHI 2004)}},
	Editor = {Dykstra-Erickson, E. and Tscheligi, M.},
	Publisher = {{ACM Press, New York, USA}},
	Title = {{Proc. Conference on Human Factors and Computing Systems (CHI 2004)}},
	Year = {2004}}

@proceedings{zz-CIKM1993,
	Booktitle = {{Proc. 2nd International Conference on Information and Knowledge Management (CIKM 1993)}},
	Editor = {Bhargava, B. and Finin, T. and Yesha, Y.},
	Publisher = {{ACM Press, New York, USA}},
	Title = {{Proc. 2nd International Conference on Information and Knowledge Management (CIKM 1993)}},
	Year = {1993}}

@proceedings{zz-CIKM1994,
	Booktitle = {{Proc. 3rd International Conference on Information and Knowledge Management (CIKM 1994)}},
	Editor = {Adam, N. R. and Bhargava, B. K. and Yesha, Y.},
	Publisher = {{ACM Press, New York, USA}},
	Title = {{Proc. 3rd International Conference on Information and Knowledge Management (CIKM 1994)}},
	Year = {1994}}

@proceedings{zz-CIKM1995,
	Booktitle = {{Proc. 4th International Conference on Information and Knowledge Management (CIKM 1995)}},
	Editor = {Pissinou, N. and Silberschatz, A. and Park, E. K. and Makki, K. and Nicholas, C.},
	Publisher = {{ACM Press, New York, USA}},
	Title = {{Proc. 4th International Conference on Information and Knowledge Management (CIKM 1995)}},
	Year = {1995}}

@proceedings{zz-CIKM1996,
	Booktitle = {{Proc. 5th International Conference on Information and Knowledge Management (CIKM 1996)}},
	Editor = {Nicholas, C. and Pissinou, N. and Tamer {\"O}zsu, M. and Barker, K.},
	Publisher = {{ACM Press, New York, USA}},
	Title = {{Proc. 5th International Conference on Information and Knowledge Management (CIKM 1996)}},
	Year = {1996}}

@proceedings{zz-CIKM1997,
	Booktitle = {{Proc. 6th International Conference on Information and Knowledge Management (CIKM 1997)}},
	Editor = {Golshani, F. and Makki, K. and Nicholas, C. and Pissinou, N.},
	Publisher = {{ACM Press, New York, USA}},
	Title = {{Proc. 6th International Conference on Information and Knowledge Management (CIKM 1997)}},
	Year = {1997}}

@proceedings{zz-CIKM1998,
	Booktitle = {{Proc. 7th International Conference on Information and Knowledge Management (CIKM 1998)}},
	Editor = {Pissinou, N. and Nicholas, C. and French, J. and Gardarin, G. and Makki, K. and Bouganim, L.},
	Publisher = {{ACM Press, New York, USA}},
	Title = {{Proc. 7th International Conference on Information and Knowledge Management (CIKM 1998)}},
	Year = {1998}}

@proceedings{zz-CIKM1999,
	Booktitle = {{Proc. 8th International Conference on Information and Knowledge Management (CIKM 1999)}},
	Editor = {Gauch, S.},
	Publisher = {{ACM Press, New York, USA}},
	Title = {{Proc. 8th International Conference on Information and Knowledge Management (CIKM 1999)}},
	Year = {1999}}

@proceedings{zz-CIKM2000,
	Booktitle = {{Proc. 9th International Conference on Information and Knowledge Management (CIKM 2000)}},
	Editor = {Agah, A. and Callan, J. and Rundensteiner, E. and Gauch, S.},
	Publisher = {{ACM Press, New York, USA}},
	Title = {{Proc. 9th International Conference on Information and Knowledge Management (CIKM 2000)}},
	Year = {2000}}

@proceedings{zz-CIKM2001,
	Booktitle = {{Proc. 10th International Conference on Information and Knowledge Management (CIKM 2001)}},
	Editor = {Pu, C. and Paques, H. and Liu, L. and Grossman, D.},
	Publisher = {{ACM Press, New York, USA}},
	Title = {{Proc. 10th International Conference on Information and Knowledge Management (CIKM 2001)}},
	Year = {2001}}

@proceedings{zz-CIKM2002,
	Booktitle = {{Proc. 11th International Conference on Information and Knowledge Management (CIKM 2002)}},
	Editor = {Nicholas, C. and Grossman, D. and Kalpakis, K. and Qureshi, S. and van Dissel, H. and Seligman, L.},
	Publisher = {{ACM Press, New York, USA}},
	Title = {{Proc. 11th International Conference on Information and Knowledge Management (CIKM 2002)}},
	Year = {2002}}

@proceedings{zz-CIKM2003,
	Booktitle = {{Proc. 12th International Conference on Information and Knowledge Management (CIKM 2003)}},
	Editor = {Kraft, D. and Frieder, O. and Hammer, J. and Qureshi, S. and Seligman, L.},
	Publisher = {{ACM Press, New York, USA}},
	Title = {{Proc. 12th International Conference on Information and Knowledge Management (CIKM 2003)}},
	Year = {2003}}

@proceedings{zz-CIKM2004,
	Booktitle = {{Proc. 13th International Conference on Information and Knowledge Management (CIKM 2004)}},
	Editor = {Grossman, D. and Gravano, L. and Zhai, C. and Herzog, O. and Evans, D. A.},
	Publisher = {{ACM Press, New York, USA}},
	Title = {{Proc. 13th International Conference on Information and Knowledge Management (CIKM 2004)}},
	Year = {2004}}

@proceedings{zz-CIKM2005,
	Booktitle = {{Proc. 14th International Conference on Information and Knowledge Management (CIKM 2005)}},
	Editor = {Herzog, O. and Schek, H.-J. and Fuhr, N. and Chowdhury, A. and Teiken, W.},
	Publisher = {{ACM Press, New York, USA}},
	Title = {{Proc. 14th International Conference on Information and Knowledge Management (CIKM 2005)}},
	Year = {2005}}

@proceedings{zz-CIKM2006,
	Booktitle = {{Proc. 15th International Conference on Information and Knowledge Management (CIKM 2006)}},
	Editor = {Yu, P. S. and Tsotras, V. and Fox, E. A. and Liu, C.-B.},
	Publisher = {{ACM Press, New York, USA}},
	Title = {{Proc. 15th International Conference on Information and Knowledge Management (CIKM 2006)}},
	Year = {2006}}

@proceedings{zz-CIKM2007,
	Booktitle = {{Proc. 16th International Conference on Information and Knowledge Management (CIKM 2007)}},
	Editor = {Silva, M. J. and Laender, A. A. F. and Baeza-Yates, R. and McGuinness, D. L. and Olstad, B. and Olsen, {\O}. H. and Falc{\~a}o, A. and},
	Publisher = {{ACM Press, New York, USA}},
	Title = {{Proc. 16th International Conference on Information and Knowledge Management (CIKM 2007)}},
	Year = {2007}}

@proceedings{zz-CLEF2000Proc,
	Booktitle = {{Cross-Language Information Retrieval and Evaluation: Workshop of Cross-Language Evaluation Forum (CLEF 2000)}},
	Editor = {Peters, C.},
	Publisher = {{Lecture Notes in Computer Science (LNCS) 2069, Springer, Heidelberg, Germany}},
	Title = {{Cross-Language Information Retrieval and Evaluation: Workshop of Cross-Language Evaluation Forum (CLEF 2000)}},
	Year = {2001}}

@proceedings{zz-CLEF2001Proc,
	Booktitle = {{Evaluation of Cross-Language Information Retrieval Systems: Second Workshop of the Cross--Language Evaluation Forum (CLEF 2001) Revised Papers}},
	Editor = {Peters, C. and Braschler, M. and Gonzalo, J. and Kluck, M.},
	Publisher = {{Lecture Notes in Computer Science (LNCS) 2406, Springer, Heidelberg, Germany}},
	Title = {{Evaluation of Cross-Language Information Retrieval Systems: Second Workshop of the Cross--Language Evaluation Forum (CLEF 2001) Revised Papers}},
	Year = {2002}}

@proceedings{zz-CLEF2002Proc,
	Booktitle = {{Advances in Cross-Language Information Retrieval: Third Workshop of the Cross--Language Evaluation Forum (CLEF 2002) Revised Papers}},
	Editor = {Peters, C. and Braschler, M. and Gonzalo, J. and Kluck, M.},
	Publisher = {{Lecture Notes in Computer Science (LNCS) 2785, Springer, Heidelberg, Germany}},
	Title = {{Advances in Cross-Language Information Retrieval: Third Workshop of the Cross--Language Evaluation Forum (CLEF 2002) Revised Papers}},
	Year = {2003}}

@proceedings{zz-CLEF2002WN,
	Booktitle = {{Working Notes for the CLEF 2002 Workshop}},
	Editor = {Peters, C.},
	Title = {{Working Notes for the CLEF 2002 Workshop}},
	Year = {2002}}

@proceedings{zz-CLEF2003Proc,
	Booktitle = {{Comparative Evaluation of Multilingual Information Access Systems: Fourth Workshop of the Cross--Language Evaluation Forum (CLEF 2003) Revised Selected Papers}},
	Editor = {Peters, C. and Braschler, M. and Gonzalo, J. and Kluck, M.},
	Publisher = {{Lecture Notes in Computer Science (LNCS) 3237, Springer, Heidelberg, Germany}},
	Title = {{Comparative Evaluation of Multilingual Information Access Systems: Fourth Workshop of the Cross--Language Evaluation Forum (CLEF 2003) Revised Selected Papers}},
	Year = {2004}}

@proceedings{zz-CLEF2003WN,
	Booktitle = {{Working Notes for the CLEF 2003 Workshop}},
	Editor = {Peters, C.},
	Title = {{Working Notes for the CLEF 2003 Workshop}},
	Year = {2003}}

@proceedings{zz-CLEF2004Proc,
	Booktitle = {{Multilingual Information Access for Text, Speech and Images: Fifth Workshop of the Cross--Language Evaluation Forum (CLEF 2004) Revised Selected Papers}},
	Editor = {Peters, C. and Clough, P. and Gonzalo, J. and Jones, G. J. F. and Kluck, M. and Magnini, B.},
	Publisher = {{Lecture Notes in Computer Science (LNCS) 3491, Springer, Heidelberg, Germany}},
	Title = {{Multilingual Information Access for Text, Speech and Images: Fifth Workshop of the Cross--Language Evaluation Forum (CLEF 2004) Revised Selected Papers}},
	Year = {2005}}

@proceedings{zz-CLEF2004WN,
	Booktitle = {{Working Notes for the CLEF 2004 Workshop}},
	Editor = {Peters, C.},
	Title = {{Working Notes for the CLEF 2004 Workshop}},
	Year = {2004}}

@proceedings{zz-CLEF2005Proc,
	Booktitle = {{Accessing Multilingual Information Repositories: Sixth Workshop of the Cross--Language Evaluation Forum (CLEF 2005). Revised Selected Papers}},
	Editor = {Peters, C. and Gey, F. C. and Gonzalo, J. and Jones, G. J. F. and Kluck, M. and Magnini, B. and M{\"u}ller, H. and de Rijke, M.},
	Publisher = {{Lecture Notes in Computer Science (LNCS) 4022, Springer, Heidelberg, Germany}},
	Title = {{Accessing Multilingual Information Repositories: Sixth Workshop of the Cross--Language Evaluation Forum (CLEF 2005). Revised Selected Papers}},
	Year = {2006}}

@proceedings{zz-CLEF2005WN,
	Booktitle = {{Working Notes for the CLEF 2005 Workshop}},
	Editor = {Peters, C. and Quochi, V.},
	Publisher = {{Published Online}},
	Title = {{Working Notes for the CLEF 2005 Workshop}},
	Year = {2005}}

@proceedings{zz-CLEF2008Proc,
	Booktitle = {{Evaluating Systems for Multilingual and Multimodal Information Access: Ninth Workshop of the Cross--Language Evaluation Forum (CLEF 2008). Revised Selected Papers}},
	Date-Modified = {2009-12-07 17:35:00 +0100},
	Editor = {Peters, C. and Deselaers, T. and Ferro, N. and Gonzalo, J. and Jones, G. J. F. and Kurimo, M. and Mandl, T. and Pe{\~n}as, A.},
	Publisher = {{Lecture Notes in Computer Science (LNCS) 5706, Springer, Heidelberg, Germany}},
	Title = {{Evaluating Systems for Multilingual and Multimodal Information Access: Ninth Workshop of the Cross--Language Evaluation Forum (CLEF 2008). Revised Selected Papers}},
	Year = {2009}}

@proceedings{zz-CLEF2006WN,
	Booktitle = {{Working Notes for the CLEF 2006 Workshop}},
	Editor = {Nardi, A. and Peters, C. and Vicedo, J. L.},
	Publisher = {{Published Online}},
	Title = {{Working Notes for the CLEF 2006 Workshop}},
	Year = {2006}}

@proceedings{zz-VLDL2008,
	Booktitle = {{Proc. 1st Workshop on Very Large Digital Libraries (VLDL 2008)}},
	Date-Modified = {2008-09-24 14:15:34 +0200},
	Editor = {Manghi, P. and Pagano, P. and Zezula, P.},
	Publisher = {{DELOS: an Association for Digital Libraries. Published Online}},
	Title = {{Proc. 1st Workshop on Very Large Digital Libraries (VLDL 2008)}},
	Year = {2008}}

@proceedings{zz-Colis5,
	Booktitle = {{Proc. 5th International Conference on Conceptions of Library and Information Science -- Context: nature, impact and role (CoLIS 5)}},
	Date-Modified = {2012-04-15 17:46:43 +0200},
	Editor = {Crestani, F. and Ruthven, I.},
	Publisher = {{Lecture Notes in Computer Science (LNCS) 3507, Springer, Heidelberg, Germany}},
	Title = {{Proc. 5th International Conference on Conceptions of Library and Information Science -- Context: nature, impact and role (CoLIS 5)}},
	Year = {2005}}

@proceedings{zz-Croft2000-Editor,
	Annote = {LabBD},
	Booktitle = {{Advances in Information Retrieval: Recent Research from the Center for Intelligent Information Retrieval}},
	Editor = {Croft, W. B.},
	Publisher = {{Kluwer Academic Publishers, Norwell (MA), USA}},
	Title = {{Advances in Information Retrieval: Recent Research from the Center for Intelligent Information Retrieval}},
	Year = {2000}}

@proceedings{zz-CSCL1995,
	Booktitle = {{Proc. 1st International Conference on Computer Support for Collaborative Learning (CSCL 1995)}},
	Editor = {Schnase, J. L. and Cunnius, E. L.},
	Publisher = {{Lawrence Erlbaum Associates Inc., Mahwah (NJ), USA}},
	Title = {{Proc. 1st International Conference on Computer Support for Collaborative Learning (CSCL 1995)}},
	Year = {1995}}

@proceedings{zz-CSCL2002,
	Booktitle = {{Proc. International Conference on Computer Support for Collaborative Learning (CSCL 2002)}},
	Editor = {Stahl, G.},
	Publisher = {{Lawrence Erlbaum Associates Inc., Mahwah (NJ), USA}},
	Title = {{Proc. International Conference on Computer Support for Collaborative Learning (CSCL 2002)}},
	Year = {2002}}

@proceedings{zz-CSCW2000,
	Booktitle = {{Proc.of the 2000 ACM conference on Computer Supported Cooperative Work (CSCW 2000)}},
	Editor = {Kellogg, W. and Whittaker, S.},
	Publisher = {{ACM Press, New York, USA}},
	Title = {{Proc.of the 2000 ACM conference on Computer Supported Cooperative Work (CSCW 2000)}},
	Year = {2000}}

@proceedings{zz-DBISP2P2004,
	Booktitle = {{Proc. 2nd International Workshop on Databases, Information Systems, and Peer-to-Peer Computing (DBISP2P 2004). Revised Selected Papers}},
	Editor = {Siong Ng, W. and Chin Ooi, B. and Ouksel, A. M. and Sartori, C.},
	Publisher = {{Lecture Notes in Computer Science (LNCS) 3367, Springer, Heidelberg, Germany}},
	Title = {{Proc. 2nd International Workshop on Databases, Information Systems, and Peer-to-Peer Computing (DBISP2P 2004). Revised Selected Papers}},
	Year = {2005}}

@proceedings{zz-DBPL2003,
	Booktitle = {{Proc. 9th International Workshop on Database Programming Languages (DBPL 2003)}},
	Editor = {Lausen, G. and Suciu, D.},
	Publisher = {{Lecture Notes in Computer Science (LNCS) 2921, Springer, Heidelberg, Germany}},
	Title = {{Proc. 9th International Workshop on Database Programming Languages (DBPL 2003)}},
	Year = {2004}}

@proceedings{zz-DDEP2000,
	Booktitle = {{Proc. 8th International Conference on Digital Documents and Electronic Publishing (DDEP 2000) and 5th International Workshop on the Principles of Digital Document Processing (PODDP 2000). Revised Papers.}},
	Editor = {King, P. and Munson, E. V.},
	Publisher = {{Lecture Notes in Computer Science (LNCS) 2023, Springer, Heidelberg, Germany}},
	Title = {{Proc. 8th International Conference on Digital Documents and Electronic Publishing (DDEP 2000) and 5th International Workshop on the Principles of Digital Document Processing (PODDP 2000). Revised Papers.}},
	Year = {2004}}

@proceedings{zz-DELOS-CONFERENCE-2007,
	Booktitle = {{Digital Libraries: Research and Development. First International DELOS Conference. Revised Selected Papers}},
	Editor = {Thanos, C. and Borri, F. and Candela, L.},
	Publisher = {{Lecture Notes in Computer Science (LNCS) 4877, Springer, Heidelberg, Germany}},
	Title = {{Digital Libraries: Research and Development. First International DELOS Conference. Revised Selected Papers}},
	Year = {2007}}

@proceedings{zz-DELOS-CONFERENCE-II-WN-2007,
	Booktitle = {{Second DELOS Conference - Working Notes}},
	Editor = {Thanos, C. and Borri, F. and Launaro, A},
	Month = {December},
	Publisher = {{ISTI-CNR, Gruppo ALI, Pisa, Italy}},
	Title = {{Second DELOS Conference - Working Notes}},
	Year = {2007}}

@proceedings{zz-DELOS-CONFERENCE-WN-2007,
	Booktitle = {{DELOS Conference 2007 Working Notes}},
	Editor = {Thanos, C. and Borri, F.},
	Month = {February},
	Publisher = {{ISTI-CNR, Gruppo ALI, Pisa, Italy}},
	Title = {{DELOS Conference 2007 Working Notes}},
	Year = {2007}}

@proceedings{zz-DELOS-RA-2006,
	Booktitle = {{DELOS Research Activities 2006}},
	Editor = {Thanos, C.},
	Month = {August},
	Publisher = {{ISTI-CNR at Gruppo ALI, Pisa, Italy}},
	Title = {{DELOS Research Activities 2006}},
	Year = {2006}}

@proceedings{zz-DELOSWP1WP2PreProc2005,
	Booktitle = {{Proc. 8th DELOS Thematic Workshop on Future Digital Library Management Systems: System Architecture and Information Access}},
	Editor = {Ioannidis, Y. and Schek, H.-J. and Weikum, G.},
	Publisher = {{\url{http://dbis.cs.unibas.ch/delos_website/delos-dagstuhl-handout-all.pdf} [last visited 2007, March 23]}},
	Title = {{Proc. 8th DELOS Thematic Workshop on Future Digital Library Management Systems: System Architecture and Information Access}},
	Year = {2005}}

@proceedings{zz-DELOSWP1WS1PostProc2004,
	Booktitle = {{Peer-to-Peer, Grid, and Service-Orientation in Digital Library Architectures: 6th Thematic Workshop of the EU Network of Excellence DELOS. Revised Selected Papers}},
	Editor = {T{\"u}rker, C. and Agosti, M. and Schek, H.-J.},
	Publisher = {{Lecture Notes in Computer Science (LNCS) 3664, Springer, Heidelberg, Germany}},
	Title = {{Peer-to-Peer, Grid, and Service-Orientation in Digital Library Architectures: 6th Thematic Workshop of the EU Network of Excellence DELOS. Revised Selected Papers}},
	Year = {2005}}

@proceedings{zz-DELOSWP1WS1PreProc2004,
	Booktitle = {{Digital Library Architectures: Peer-to-Peer, Grid, and Service-Orientation, Pre-proceedings of the 6th Thematic Workshop of the EU Network of Excellence DELOS}},
	Editor = {Agosti, M. and Schek, H.-J. and T{\"u}rker, C.},
	Publisher = {{Edizioni Libreria Progetto, Padova, Italy}},
	Title = {{Digital Library Architectures: Peer-to-Peer, Grid, and Service-Orientation, Pre-proceedings of the 6th Thematic Workshop of the EU Network of Excellence DELOS}},
	Year = {2004}}

@proceedings{zz-DELOSWP4Proc2005,
	Booktitle = {{Proc. 7th International Workshop of the EU Network of Excellence DELOS on Audio-Visual Content and Information Visualization in Digital Libraries (AVIVDiLib'05)}},
	Editor = {Catarci, T. and Christodoulakis, S. and Del Bimbo, A.},
	Publisher = {{Centromedia, Viareggio, Italy}},
	Title = {{Proc. 7th International Workshop of the EU Network of Excellence DELOS on Audio-Visual Content and Information Visualization in Digital Libraries (AVIVDiLib'05)}},
	Year = {2005}}

@proceedings{zz-DELOSWP7WS1Proc2004,
	Booktitle = {{Notes of the DELOS WP7 Workshop on the Evaluation of Digital Libraries}},
	Editor = {Agosti, M. and Fuhr, N.},
	Publisher = {{\url{http://dlib.ionio.gr/wp7/workshop2004_program.html} [last visited 2007, March 23]}},
	Title = {{Notes of the DELOS WP7 Workshop on the Evaluation of Digital Libraries}},
	Year = {2004}}

@proceedings{zz-DL1996,
	Booktitle = {{Proc. 1st ACM International Conference on Digital Libraries (DL 1996)}},
	Editor = {Fox, E. A. and Marchionini, G.},
	Publisher = {{ACM Press, New York, USA}},
	Title = {{Proc. 1st ACM International Conference on Digital Libraries (DL 1996)}},
	Year = {1996}}

@proceedings{zz-DL1997,
	Booktitle = {{Proc. 2nd ACM International Conference on Digital Libraries (DL 1997)}},
	Editor = {Allen, R. B. and Rasmussen, E.},
	Publisher = {{ACM Press, New York, USA}},
	Title = {{Proc. 2nd ACM International Conference on Digital Libraries (DL 1997)}},
	Year = {1997}}

@proceedings{zz-DL1998,
	Booktitle = {{Proc. 3rd ACM International Conference on Digital Libraries (DL 1998)}},
	Editor = {Witten, I. and Akscyn, R. and Shipman, F. M.},
	Publisher = {{ACM Press, New York, USA}},
	Title = {{Proc. 3rd ACM International Conference on Digital Libraries (DL 1998)}},
	Year = {1998}}

@proceedings{zz-DL1999,
	Booktitle = {{Proc. 4th ACM International Conference on Digital Libraries (DL 1999)}},
	Editor = {Rowe, N. and Fox, E. A.},
	Publisher = {{ACM Press, New York, USA}},
	Title = {{Proc. 4th ACM International Conference on Digital Libraries (DL 1999)}},
	Year = {1999}}

@proceedings{zz-DL2000,
	Booktitle = {{Proc. 5th ACM International Conference on Digital Libraries (DL 2000)}},
	Editor = {N{\"u}rnberg, P. J. and Hicks, D. L. and Furuta, R.},
	Publisher = {{ACM Press, New York, USA}},
	Title = {{Proc. 5th ACM International Conference on Digital Libraries (DL 2000)}},
	Year = {2000}}

@proceedings{zz-DL-CUBA-JCDL2006,
	Date-Modified = {2008-10-09 10:12:14 +0200},
	Editor = {Blandford, A. and Gow, J.},
	Publisher = {{\url{http://www.uclic.ucl.ac.uk/events/dl-cuba2006/} [last visited 2007, March 23]}},
	Title = {Proc. 1st International Workshop on Digital Libraries in the Context of Users Broader Activities (DL-CUBA 2006)},
	Year = {2006}}

@proceedings{zz-DNIS2003,
	Booktitle = {{Proc. 3rd International Workshop on Databases in Networked Information Systems (DNIS 2003)}},
	Editor = {Bianchi-Berthouze, N.},
	Publisher = {{Lecture Notes in Computer Science (LNCS) 2822, Springer, Heidelberg, Germany}},
	Title = {{Proc. 3rd International Workshop on Databases in Networked Information Systems (DNIS 2003)}},
	Year = {2003}}

@proceedings{zz-DNIS2005,
	Booktitle = {{Proc. 4th International Workshop on Databases in Networked Information Systems (DNIS 2005)}},
	Editor = {Bhalla, S.},
	Publisher = {{Lecture Notes in Computer Science (LNCS) 3433, Springer, Heidelberg, Germany}},
	Title = {{Proc. 4th International Workshop on Databases in Networked Information Systems (DNIS 2005)}},
	Year = {2005}}

@proceedings{zz-DocEng2001,
	Booktitle = {{Proc. 2001 ACM Symposium on Document Engineering}},
	Editor = {Munson, E. V.},
	Publisher = {{ACM Press, New York, USA}},
	Title = {{Proc. 2001 ACM Symposium on Document Engineering}},
	Year = {2001}}

@proceedings{zz-ECDL1997,
	Booktitle = {{Proc. 1st European Conference on Research and Advanced Technology for Digital Libraries (ECDL 1997)}},
	Editor = {Peters, C. and Thanos, C.},
	Publisher = {{Lecture Notes in Computer Science (LNCS) 1324, Springer, Heidelberg, Germany}},
	Title = {{Proc. 1st European Conference on Research and Advanced Technology for Digital Libraries (ECDL 1997)}},
	Year = {1997}}

@proceedings{zz-ECDL1998,
	Booktitle = {{Proc. 2nd European Conference on Research and Advanced Technology for Digital Libraries (ECDL 1998)}},
	Editor = {Nikolaou, C. and Stephanidis, C.},
	Publisher = {{Lecture Notes in Computer Science (LNCS) 1513, Springer, Heidelberg, Germany}},
	Title = {{Proc. 2nd European Conference on Research and Advanced Technology for Digital Libraries (ECDL 1998)}},
	Year = {1998}}

@proceedings{zz-ECDL1999,
	Booktitle = {{Proc. 3rd European Conference on Research and Advanced Technology for Digital Libraries (ECDL 1999)}},
	Editor = {Abiteboul, S. and Vercoustre, A.-M.},
	Publisher = {{Lecture Notes in Computer Science (LNCS) 1696, Springer, Heidelberg, Germany}},
	Title = {{Proc. 3rd European Conference on Research and Advanced Technology for Digital Libraries (ECDL 1999)}},
	Year = {1999}}

@proceedings{zz-ECDL2000,
	Booktitle = {{Proc. 4th European Conference on Research and Advanced Technology for Digital Libraries (ECDL 2000)}},
	Editor = {Borbinha, J. L. and Baker, T.},
	Publisher = {{Lecture Notes in Computer Science (LNCS) 1923, Springer, Heidelberg, Germany}},
	Title = {{Proc. 4th European Conference on Research and Advanced Technology for Digital Libraries (ECDL 2000)}},
	Year = {2000}}

@proceedings{zz-ECDL2001,
	Booktitle = {{Proc. 5th European Conference on Research and Advanced Technology for Digital Libraries (ECDL 2001)}},
	Editor = {Constantopoulos, P. and S{\o}lvberg, I. T.},
	Publisher = {{Lecture Notes in Computer Science (LNCS) 2163, Springer, Heidelberg, Germany}},
	Title = {{Proc. 5th European Conference on Research and Advanced Technology for Digital Libraries (ECDL 2001)}},
	Year = {2001}}

@proceedings{zz-ECDL2002,
	Booktitle = {{Proc. 6th European Conference on Research and Advanced Technology for Digital Libraries (ECDL 2002)}},
	Editor = {Agosti, M. and Thanos, C.},
	Publisher = {{Lecture Notes in Computer Science (LNCS) 2458, Springer, Heidelberg, Germany}},
	Title = {{Proc. 6th European Conference on Research and Advanced Technology for Digital Libraries (ECDL 2002)}},
	Year = {2002}}

@proceedings{zz-ECDL2003,
	Booktitle = {{Proc. 7th European Conference on Research and Advanced Technology for Digital Libraries (ECDL 2003)}},
	Editor = {Koch, T. and S{\o}lvberg, I. T.},
	Publisher = {{Lecture Notes in Computer Science (LNCS) 2769, Springer, Heidelberg, Germany}},
	Title = {{Proc. 7th European Conference on Research and Advanced Technology for Digital Libraries (ECDL 2003)}},
	Year = {2003}}

@proceedings{zz-ECDL2004,
	Booktitle = {{Proc. 8th European Conference on Research and Advanced Technology for Digital Libraries (ECDL 2004)}},
	Editor = {Heery, R. and Lyon, L.},
	Publisher = {{Lecture Notes in Computer Science (LNCS) 3232, Springer, Heidelberg, Germany}},
	Title = {{Proc. 8th European Conference on Research and Advanced Technology for Digital Libraries (ECDL 2004)}},
	Year = {2004}}

@proceedings{zz-ECDL2005,
	Booktitle = {{Proc. 9th European Conference on Research and Advanced Technology for Digital Libraries (ECDL 2005)}},
	Editor = {Rauber, A. and Christodoulakis, S. and Min Tjoa, A.},
	Publisher = {{Lecture Notes in Computer Science (LNCS) 3652, Springer, Heidelberg, Germany}},
	Title = {{Proc. 9th European Conference on Research and Advanced Technology for Digital Libraries (ECDL 2005)}},
	Year = {2005}}

@proceedings{zz-ECDL2006,
	Booktitle = {{Proc. 10th European Conference on Research and Advanced Technology for Digital Libraries (ECDL 2006)}},
	Editor = {Gonzalo, J. and Thanos, C. and Verdejo, M. F. and Carrasco, R. C.},
	Publisher = {{Lecture Notes in Computer Science (LNCS) 4172, Springer, Heidelberg, Germany}},
	Title = {{Proc. 10th European Conference on Research and Advanced Technology for Digital Libraries (ECDL 2006)}},
	Year = {2006}}

@proceedings{zz-ECDL2007,
	Booktitle = {{Proc. 11th European Conference on Research and Advanced Technology for Digital Libraries (ECDL 2007)}},
	Date-Modified = {2008-07-19 15:03:58 +0200},
	Editor = {Fuhr, N. and Kov{\'a}cs, L. and Meghini, C.},
	Publisher = {{Lecture Notes in Computer Science (LNCS) 4675, Springer, Heidelberg, Germany}},
	Title = {{Proc. 11th European Conference on Research and Advanced Technology for Digital Libraries (ECDL 2007)}},
	Year = {2007}}

@proceedings{zz-ECIR2008,
	Booktitle = {{Advances in Information Retrieval. Proc. 30th European Conference on IR Research (ECIR 2008)}},
	Date-Modified = {2008-07-09 07:33:59 +0200},
	Editor = {Macdonald, C. and Ounis, I. and Plachouras, V. and Ruthven, I. and White, R. W.},
	Publisher = {{Lecture Notes in Computer Science (LNCS) 4956, Springer, Heidelberg, Germany}},
	Title = {{Advances in Information Retrieval. Proc. 30th European Conference on IR Research (ECIR 2008)}},
	Year = {2008}}

@proceedings{zz-ELPUB2002,
	Booktitle = {{Proc. 6th Interational ICCC/IFIP Conference on Electronic Publishing (ELPUB 2002)}},
	Editor = {Carvalho, J. {\'A}. and H{\"u}bler, A. and Baptista, A. A.},
	Publisher = {{Verlag f{\"u}r Wissenschaft und Forschung, Berlin, Germany}},
	Title = {{Proc. 6th Interational ICCC/IFIP Conference on Electronic Publishing (ELPUB 2002)}},
	Year = {2002}}

@proceedings{zz-DESIRE2011,
	Booktitle = {{Proc. Workshop on Data infrastructurEs for Supporting Information Retrieval Evaluation (DESIRE 2011)}},
	Date-Modified = {2011-11-01 10:04:51 +0100},
	Editor = {Agosti, M. and Ferro, N. and Thanos, C.},
	Publisher = {{ACM Press, New York, USA}},
	Title = {{Proc. Workshop on Data infrastructurEs for Supporting Information Retrieval Evaluation (DESIRE 2011)}},
	Year = {2011}}

@proceedings{zz-FQAS2006,
	Booktitle = {{Proc. 7th International Conference on Flexible Query Answering Systems (FQAS 2006)}},
	Editor = {Legind Larsen, H. and Pasi, G. and Ortiz-Arroyo, D. and Andreasen, T. and Christiansen, H.},
	Publisher = {{Lecture Notes in Artificial Intelligence (LNAI) 4027, Springer, Heidelberg, Germany}},
	Title = {{Proc. 7th International Conference on Flexible Query Answering Systems (FQAS 2006)}},
	Year = {2006}}

@proceedings{zz-Grefenstette1998-Editor,
	Annote = {LabBD},
	Booktitle = {{Cross-Language Information Retrieval}},
	Editor = {Grefenstette, G.},
	Publisher = {{Kluwer Academic Publishers, Norwell, MA, USA}},
	Title = {{Cross-Language Information Retrieval}},
	Year = {1998}}

@proceedings{zz-HandschuhStaab2003-editor,
	Annote = {Statistica 25-989},
	Booktitle = {{Annotation for the Semantic Web}},
	Date-Modified = {2008-08-16 10:29:49 +0200},
	Editor = {Handschuh, S. and Staab, S.},
	Publisher = {{IOS Press, Amsterdam, The Netherlands}},
	Title = {{Annotation for the Semantic Web}},
	Year = {2003}}

@proceedings{zz-HarmanVoorhess2005-editor,
	Annote = {LabBD},
	Booktitle = {{TREC. Experiment and Evaluation in Information Retrieval}},
	Date-Modified = {2010-04-13 08:50:28 +0200},
	Editor = {Harman, D. K. and Voorhees, E. M.},
	Publisher = {{MIT Press, Cambridge (MA), USA}},
	Title = {{TREC. Experiment and Evaluation in Information Retrieval}},
	Year = {2005}}

@proceedings{zz-HT1987,
	Booktitle = {{Proc. 1st ACM Conference on Hypertext (HT 1987)}},
	Editor = {Smith, J. B. and Halasz, F.},
	Publisher = {{ACM Press, New York, USA}},
	Title = {{Proc. 1st ACM Conference on Hypertext (HT 1987)}},
	Year = {1987}}

@proceedings{zz-HT1989,
	Booktitle = {{Proc. 2nd Annual ACM Conference on Hypertext (HT 1989)}},
	Editor = {Akscyn, R.},
	Publisher = {{ACM Press, New York, USA}},
	Title = {{Proc. 2nd Annual ACM Conference on Hypertext (HT 1989)}},
	Year = {1989}}

@proceedings{zz-HT1991,
	Booktitle = {{Proc. 3rd Annual ACM Conference on Hypertext (HT 1991)}},
	Editor = {Leggett, J. J.},
	Publisher = {{ACM Press, New York, USA}},
	Title = {{Proc. 3rd Annual ACM Conference on Hypertext (HT 1991)}},
	Year = {1991}}

@proceedings{zz-HT1992,
	Booktitle = {{Proc. 4th ACM Conference on Hypertext (ECHT 1992)}},
	Editor = {Lucarella, D. and Nanard, J. and Nanard, M. and Paolini, P.},
	Publisher = {{ACM Press, New York, USA}},
	Title = {{Proc. 4th ACM Conference on Hypertext (ECHT 1992)}},
	Year = {1992}}

@proceedings{zz-HT1993,
	Booktitle = {{Proc. 5th ACM Conference on Hypertext (HT 1993)}},
	Editor = {Poltrock, S. E.},
	Publisher = {{ACM Press, New York, USA}},
	Title = {{Proc. 5th ACM Conference on Hypertext (HT 1993)}},
	Year = {1993}}

@proceedings{zz-HT1994,
	Booktitle = {{Proc. 6th ACM European Conference on Hypermedia Technology (ECHT 1994)}},
	Editor = {Ritchie, I. and Guimar{\~a}es, N.},
	Publisher = {{ACM Press, New York, USA}},
	Title = {{Proc. 6th ACM European Conference on Hypermedia Technology (ECHT 1994)}},
	Year = {1994}}

@proceedings{zz-HT1996,
	Booktitle = {{Proc. 7th ACM Conference on Hypertext and Hypermedia (HT 1996)}},
	Editor = {Stotts, D.},
	Publisher = {{ACM Press, New York, USA}},
	Title = {{Proc. 7th ACM Conference on Hypertext and Hypermedia (HT 1996)}},
	Year = {1996}}

@proceedings{zz-HT1997,
	Booktitle = {{Proc. 8th ACM Conference on Hypertext and Hypermedia (HT 1997)}},
	Editor = {Bernstein, M. and \Osterbye, K. and Carr, L. and Hall, W. and Davis, H.},
	Publisher = {{ACM Press, New York, USA}},
	Title = {{Proc. 8th ACM Conference on Hypertext and Hypermedia (HT 1997)}},
	Year = {1997}}

@proceedings{zz-HT1998,
	Booktitle = {{Proc. 9th ACM Conference on Hypertext and Hypermedia (HT 1998): links, objects, time and space-structure in hypermedia systems}},
	Editor = {Akscyn, R.},
	Publisher = {{ACM Press, New York, USA}},
	Title = {{Proc. 9th ACM Conference on Hypertext and Hypermedia (HT 1998): links, objects, time and space-structure in hypermedia systems}},
	Year = {1998}}

@proceedings{zz-HT1999,
	Booktitle = {{Proc. 10th ACM Conference on Hypertext and Hypermedia (HT 1999): returning to our diverse roots}},
	Editor = {Westbomke, J. and Wiil, U. K. and Leggett, J. J. and Tochtermann, K. and Haake, J. M.},
	Publisher = {{ACM Press, New York, USA}},
	Title = {{Proc. 10th ACM Conference on Hypertext and Hypermedia (HT 1999): returning to our diverse roots}},
	Year = {1999}}

@proceedings{zz-HT2000,
	Booktitle = {{Proc. 11th ACM Conference on Hypertext and Hypermedia (HT 2000)}},
	Editor = {Shipman, F. M. and N{\"u}rnberg, P. J. and Hicks, D. L.},
	Publisher = {{ACM Press, New York, USA}},
	Title = {{Proc. 11th ACM Conference on Hypertext and Hypermedia (HT 2000)}},
	Year = {2000}}

@proceedings{zz-HT2001,
	Booktitle = {{Proc. 12th ACM Conference on Hypertext and Hypermedia (HT 2001)}},
	Editor = {Gr\onb{\ae}k, K. and Davis, H. and Douglas, Y.},
	Publisher = {{ACM Press, New York, USA}},
	Title = {{Proc. 12th ACM Conference on Hypertext and Hypermedia (HT 2001)}},
	Year = {2001}}

@proceedings{zz-HT2002,
	Booktitle = {{Proc. 13th ACM Conference on Hypertext and Hypermedia (HT 2002)}},
	Editor = {Allen, R. B. and Anderson, K. and Moulthrop, S.},
	Publisher = {{ACM Press, New York, USA}},
	Title = {{Proc. 13th ACM Conference on Hypertext and Hypermedia (HT 2002)}},
	Year = {2002}}

@proceedings{zz-HT2003,
	Booktitle = {{Proc. 14th ACM Conference on Hypertext and Hypermedia (HT 2003)}},
	Editor = {Ashman, H. and Brailsford, T. and Carr, L. and Hardman, L.},
	Publisher = {{ACM Press, New York, USA}},
	Title = {{Proc. 14th ACM Conference on Hypertext and Hypermedia (HT 2003)}},
	Year = {2003}}

@proceedings{zz-HT2004,
	Booktitle = {{Proc. 15th ACM Conference on Hypertext and Hypermedia (HT 2004)}},
	Editor = {Whitehead, J. and De Roure, D.},
	Publisher = {{ACM Press, New York, USA}},
	Title = {{Proc. 15th ACM Conference on Hypertext and Hypermedia (HT 2004)}},
	Year = {2004}}

@proceedings{zz-ICADL2002,
	Booktitle = {{Proc. 5th International Conference on Asian Digital Libraries. Digital Libraries: People, Knowledge, and Technology (ICADL 2002)}},
	Editor = {Lim, E. P. and Foo, S. and Khoo, C. S. G. and Chen, H. and Fox, E. A. and Urs, S. R. and Thanos, C.},
	Publisher = {{Lecture Notes in Computer Science (LNCS) 2555, Springer, Heidelberg, Germany}},
	Title = {{Proc. 5th International Conference on Asian Digital Libraries. Digital Libraries: People, Knowledge, and Technology (ICADL 2002)}},
	Year = {2002}}

@proceedings{zz-ICADL2003,
	Booktitle = {{Proc. 6th International Conference on Asian Digital Libraries -- Digital Libraries: Technology and Management of Indigenous Knowledge (ICADL 2003)}},
	Editor = {Sembok, T. M. T. and Zaman, H. B. and Chen, H. and Urs, S. R. and Myaeng, S. H.},
	Publisher = {{Lecture Notes in Computer Science (LNCS) 2911, Springer, Heidelberg, Germany}},
	Title = {{Proc. 6th International Conference on Asian Digital Libraries -- Digital Libraries: Technology and Management of Indigenous Knowledge (ICADL 2003)}},
	Year = {2003}}

@proceedings{zz-ICADL2004,
	Booktitle = {{Proc. 7th International Conference on Asian Digital Libraries. Digital Libraries: International Collaboration and Cross-Fertilization (ICADL 2004)}},
	Editor = {Chen, Z. and Chen, H. and Miao, Q. and Fu, Y. and Fox, E. A. and Lim, E.-P.},
	Publisher = {{Lecture Notes in Computer Science (LNCS) 3334, Springer, Heidelberg, Germany}},
	Title = {{Proc. 7th International Conference on Asian Digital Libraries. Digital Libraries: International Collaboration and Cross-Fertilization (ICADL 2004)}},
	Year = {2004}}

@proceedings{zz-ICADL2007,
	Booktitle = {{Proc. 10th International Conference on Asian Digital Libraries. Digital Libraries -- Asian Digital libraries: Looking Back 10 Years and Forging New Frontiers (ICADL 2007)}},
	Editor = {Goh, D. H. L. and Cao, T. H. and S{\o}lvberg, I. and Rasmussen, E.},
	Publisher = {{Lecture Notes in Computer Science (LNCS) 4822, Springer, Heidelberg, Germany}},
	Title = {{Proc. 10th International Conference on Asian Digital Libraries. Digital Libraries -- Asian Digital libraries: Looking Back 10 Years and Forging New Frontiers (ICADL 2007)}},
	Year = {2007}}

@proceedings{zz-ICDT2001,
	Booktitle = {{Proc. 8th International Conference on Database Theory (ICDT 2001)}},
	Editor = {Van den Bussche, J. and Vianu, V.},
	Publisher = {{Lecture Notes in Computer Science (LNCS) 1973, Springer, Heidelberg, Germany}},
	Title = {{Proc. 8th International Conference on Database Theory (ICDT 2001)}},
	Year = {2001}}

@proceedings{zz-IRCDL2005,
	Booktitle = {{Post-proceedings of the First Italian Research Conference on Digital Library Management Systems (IRCDL 2005)}},
	Editor = {Agosti, M. and Thanos, C.},
	Publisher = {{ISTI-CNR at Gruppo ALI, Pisa, Italy}},
	Title = {{Post-proceedings of the First Italian Research Conference on Digital Library Management Systems (IRCDL 2005)}},
	Year = {2005}}

@proceedings{zz-IRCDL2006,
	Booktitle = {{Proc. 2nd Italian Research Conference on Digital Library Management Systems (IRCDL 2006)}},
	Editor = {Agosti, M. and Thanos, C.},
	Month = {August},
	Publisher = {{ISTI-CNR at Gruppo ALI, Pisa, Italy}},
	Title = {{Proc. 2nd Italian Research Conference on Digital Library Management Systems (IRCDL 2006)}},
	Year = {2006}}

@proceedings{zz-IRCDL2007,
	Booktitle = {{Post-proceedings of the Third Italian Research Conference on Digital Library Systems (IRCDL 2007)}},
	Editor = {Agosti, M. and Esposito, F. and Thanos, C.},
	Month = {November},
	Publisher = {{ISTI-CNR at Gruppo ALI, Pisa, Italy}},
	Title = {{Post-proceedings of the Third Italian Research Conference on Digital Library Systems (IRCDL 2007)}},
	Year = {2007}}

@proceedings{zz-IRCDL2009,
	Booktitle = {{Post-proceedings of the Fifth Italian Research Conference on Digital Library Systems (IRCDL 2009)}},
	Date-Modified = {2009-09-01 19:47:15 +0200},
	Editor = {Agosti, M. and Esposito, F. and Thanos, C.},
	Publisher = {{DELOS Association and Department of Information Engineering of the University of Padua}},
	Title = {{Post-proceedings of the Fifth Italian Research Conference on Digital Library Systems (IRCDL 2009)}},
	Year = {2009}}

@proceedings{zz-DeMarcoEtAl-editor,
	Booktitle = {{Interdisciplinary Aspects of Information Systems Studies}},
	Date-Modified = {2009-03-07 10:46:52 +0100},
	Editor = {D'Atri, A. and De Marco, M. and Casalino, N.},
	Publisher = {{Physica-Verlag, Heidelberg, Germany}},
	Title = {{Interdisciplinary Aspects of Information Systems Studies}},
	Year = {2008}}

@proceedings{zz-IWAC2005,
	Booktitle = {{Proc. International Workshop on Annotation for Collaboration -- Methods, Tools, and Practices (IWAC 2005)}},
	Editor = {Boujut, J.-F.},
	Publisher = {{CNRS - Programme soci{\'e}t{\'e} de l'information}},
	Title = {{Proc. International Workshop on Annotation for Collaboration -- Methods, Tools, and Practices (IWAC 2005)}},
	Year = {2005}}

@proceedings{zz-JCDL2001,
	Booktitle = {{Proc. 1st ACM/IEEE-CS Joint Conference on Digital Libraries (JCDL 2001)}},
	Editor = {Fox, E. A. and Borgman, C. L.},
	Publisher = {{ACM Press, New York, USA}},
	Title = {{Proc. 1st ACM/IEEE-CS Joint Conference on Digital Libraries (JCDL 2001)}},
	Year = {2001}}

@proceedings{zz-JCDL2002,
	Booktitle = {{Proc. 2nd ACM/IEEE-CS Joint Conference on Digital Libraries (JCDL 2002)}},
	Editor = {Hersh, W. and Marchionini, G.},
	Publisher = {{ACM Press, New York, USA}},
	Title = {{Proc. 2nd ACM/IEEE-CS Joint Conference on Digital Libraries (JCDL 2002)}},
	Year = {2002}}

@proceedings{zz-JCDL2003,
	Booktitle = {{Proc. 3rd ACM/IEEE-CS Joint Conference on Digital Libraries (JCDL 2003)}},
	Editor = {Henry, G. and Marshall, C. C. and Delcambre, L.},
	Publisher = {{IEEE Computer Society}},
	Title = {{Proc. 3rd ACM/IEEE-CS Joint Conference on Digital Libraries (JCDL 2003)}},
	Year = {2003}}

@proceedings{zz-JCDL2004,
	Booktitle = {{Proc. 4th ACM/IEEE-CS Joint Conference on Digital Libraries (JCDL 2004)}},
	Editor = {Chen, H. and Wactlar, H. and Chen, C.-C. and Lim, E.-P. and Christel, M.},
	Publisher = {{ACM Press, New York, USA}},
	Title = {{Proc. 4th ACM/IEEE-CS Joint Conference on Digital Libraries (JCDL 2004)}},
	Year = {2004}}

@proceedings{zz-JCDL2005,
	Booktitle = {{Proc. 5th ACM/IEEE-CS Joint Conference on Digital Libraries (JCDL 2005)}},
	Editor = {Marlino, M. and Sumner, T. and Shipman, F.},
	Publisher = {{ACM Press, New York, USA}},
	Title = {{Proc. 5th ACM/IEEE-CS Joint Conference on Digital Libraries (JCDL 2005)}},
	Year = {2005}}

@proceedings{zz-JCDL2006,
	Booktitle = {{Proc. 6th ACM/IEEE-CS Joint Conference on Digital Libraries (JCDL 2006)}},
	Editor = {Marchionini, G. and Nelson, M. L. and Marshall, C. C.},
	Publisher = {{ACM Press, New York, USA}},
	Title = {{Proc. 6th ACM/IEEE-CS Joint Conference on Digital Libraries (JCDL 2006)}},
	Year = {2006}}

@proceedings{zz-JCDL2012,
	Booktitle = {{Proc. 12th ACM/IEEE-CS Joint Conference on Digital Libraries (JCDL 2012)}},
	Date-Modified = {2017-05-05 15:09:00 +0000},
	Publisher = {{ACM Press, New York, USA}},
	Title = {{Proc. 12th ACM/IEEE-CS Joint Conference on Digital Libraries (JCDL 2012)}},
	Year = {2012}}

@proceedings{zz-LNCS3359,
	Booktitle = {{Proc. International Workshop on Intuitive Human Interfaces for Organizing and Accessing Intellectual Assets}},
	Editor = {Grieser, G. and Tanaka, Y.},
	Publisher = {{Lecture Notes in Computer Science (LNCS) 3359, Springer, Heidelberg, Germany}},
	Title = {{Proc. International Workshop on Intuitive Human Interfaces for Organizing and Accessing Intellectual Assets}},
	Year = {2004}}

@proceedings{zz-LREC2008,
	Booktitle = {{Proc. 6th International Language Resources and Evaluation Conference (LREC 2008)}},
	Date-Modified = {2008-07-19 14:36:07 +0200},
	Editor = {{European Language Resources Association (ELRA)}},
	Title = {{Proc. 6th International Language Resources and Evaluation Conference (LREC 2008)}},
	Year = {2008}}

@proceedings{zz-MIR2004,
	Booktitle = {{Proc. 5th International Conference on Music Information Retrieval (ISMIR 2004)}},
	Editor = {Serra, X. and Leman, M.},
	Publisher = {{Universitat Pompeu Fabra}},
	Title = {{Proc. 5th International Conference on Music Information Retrieval (ISMIR 2004)}},
	Year = {2004}}

@proceedings{zz-MLIA-SIGIR2006,
	Booktitle = {{Proc. International Workshop on New Directions in Multilingual Information Access (MLIA 2006)}},
	Date-Modified = {2008-07-21 19:32:19 +0200},
	Editor = {Gey, F. C. and Kando, N. and Peters, C. and Lin, C.-Y.},
	Title = {{Proc. International Workshop on New Directions in Multilingual Information Access (MLIA 2006)}},
	Year = {2006}}

@proceedings{zz-MM1994,
	Booktitle = {{Proc. 2nd ACM International Conference on Multimedia (MM 1994)}},
	Editor = {Blattner, M. and Limb, J.O.},
	Publisher = {{ACM Press, New York, USA}},
	Title = {{Proc. 2nd ACM International Conference on Multimedia (MM 1994)}},
	Year = {1994}}

@proceedings{zz-neuhold2005,
	Booktitle = {{From Integrated Publication and Information Systems to Virtual Information and Knowledge Environments. Essays Dedicated to Erich J. Neuhold on the Occasion of His 65th Birthday}},
	Editor = {Hemmje, M. and Nieder{\'e}e, C. and Risse, T.},
	Publisher = {{Lecture Notes in Computer Science (LNCS) 3379, Springer, Heidelberg, Germany}},
	Title = {{From Integrated Publication and Information Systems to Virtual Information and Knowledge Environments. Essays Dedicated to Erich J. Neuhold on the Occasion of His 65th Birthday}},
	Year = {2005}}

@proceedings{zz-NTCIR5,
	Booktitle = {{Proc. 5th NTCIR Workshop Meeting on Evaluation of Information Access Technologies: Information Retrieval, Question Answering and Cross-Lingual Information Access}},
	Date-Modified = {2008-12-16 03:18:57 +0100},
	Editor = {Kando, N. and Takaku, M.},
	Publisher = {{National Institute of Informatics, Published Online}},
	Title = {{Proc. 5th NTCIR Workshop Meeting on Evaluation of Information Access Technologies: Information Retrieval, Question Answering and Cross-Lingual Information Access}},
	Year = {2005}}

@proceedings{zz-NTCIR7,
	Booktitle = {{Proc. 7th NTCIR Workshop Meeting on Evaluation of Information Access Technologies: Information Retrieval, Question Answering and Cross-Lingual Information Access}},
	Date-Modified = {2008-12-16 03:20:23 +0100},
	Editor = {Kando, N. and Sugimoto, M.},
	Publisher = {{National Institute of Informatics, Tokyo, Japan}},
	Title = {{Proc. 7th NTCIR Workshop Meeting on Evaluation of Information Access Technologies: Information Retrieval, Question Answering and Cross-Lingual Information Access}},
	Year = {2008}}

@proceedings{zz-SAAKM2002,
	Booktitle = {{Proc. ECAI 2002 Workshop on Semantic Authoring, Annotation \& Knowledge Markup (SAAKM 2002) at the 15th European Conference on Artificial Intelligence (ECAI 2002)}},
	Editor = {Handschuh, S. and Dieng-Kuntz, R. and Collier, N. and Staab, S.},
	Title = {{Proc. ECAI 2002 Workshop on Semantic Authoring, Annotation \& Knowledge Markup (SAAKM 2002) at the 15th European Conference on Artificial Intelligence (ECAI 2002)}},
	Year = {2002}}

@proceedings{zz-RIAO2007,
	Booktitle = {{Proc. 8th Conference on Information Retrieval and its Applications (RIAO 2007)}},
	Date-Modified = {2008-10-19 11:55:53 +0200},
	Editor = {Evans, D. A. and Furui, S. and Soul{\'e}-Dupuy, C.},
	Title = {{Proc. 8th Conference on Information Retrieval and its Applications (RIAO 2007)}},
	Year = {2007}}

@proceedings{zz-SAC2003,
	Booktitle = {{Proc. 2003 ACM Symposium on Applied Computing (SAC 2003)}},
	Editor = {Lamont, G. B. and Haddad, H. and Papadopoulos, G. A. and Panda, B.},
	Publisher = {{ACM Press, New York, USA}},
	Title = {{Proc. 2003 ACM Symposium on Applied Computing (SAC 2003)}},
	Year = {2003}}

@proceedings{zz-SAC2006,
	Booktitle = {{Proc. 21st ACM Symposium on Applied Computing (SAC 2006)}},
	Editor = {Haddad, H. M. and Liebrock, K. M. and Chbeir, R. and Palakal, M. J. and Ossowski, S. and Yetongnoon, K. and Wainwright, R. L. and Nicolle, C.},
	Publisher = {{ACM Press, New York, USA}},
	Title = {{Proc. 21st ACM Symposium on Applied Computing (SAC 2006)}},
	Year = {2006}}

@proceedings{zz-SAC2007,
	Booktitle = {{Proc. 2007 ACM Symposium on Applied Computing (SAC 2007)}},
	Editor = {Cho, Y. and Wan Koo, Y. and Wainwright, R. L. and Haddad, H. M. and Shin, S. Y.},
	Publisher = {{ACM Press, New York, USA}},
	Title = {{Proc. 2007 ACM Symposium on Applied Computing (SAC 2007)}},
	Year = {2007}}

@proceedings{zz-SAC2008,
	Booktitle = {{Proc. 2008 ACM Symposium on Applied Computing (SAC 2008)}},
	Date-Modified = {2008-07-08 16:56:48 +0200},
	Editor = {Wainwright, R. L. and Haddad, H. M.},
	Publisher = {{ACM Press, New York, USA}},
	Title = {{Proc. 2008 ACM Symposium on Applied Computing (SAC 2008)}},
	Year = {2008}}

@proceedings{zz-Salton1971-editor,
	Booktitle = {{The SMART Retrieval System. Experiments in Automatic Document Processing}},
	Editor = {Salton, G.},
	Publisher = {{Prentice--Hall, Inc., Englewood Cliff, New Jersey, USA}},
	Title = {{The SMART Retrieval System. Experiments in Automatic Document Processing}},
	Year = {1971}}

@proceedings{zz-SEBD2004,
	Booktitle = {{Proc. 12th Italian Symposium on Advanced Database Systems (SEBD 2004)}},
	Editor = {Agosti, M. and Dess{\`\i}, N. and Schreiber, F. A.},
	Publisher = {{LITHOSgrafiche, Cagliari, Italy}},
	Title = {{Proc. 12th Italian Symposium on Advanced Database Systems (SEBD 2004)}},
	Year = {2004}}

@proceedings{zz-SEBD2009,
	Booktitle = {{Proc. 17th Italian Symposium on Advanced Database Systems (SEBD 2009)}},
	Date-Modified = {2009-06-22 08:57:16 +0200},
	Editor = {De Antonellis, V. and Castano, S. and Catania, B. and Guerrini, G.},
	Publisher = {{Seneca Edizioni, Torino, Italia}},
	Title = {{Proc. 17th Italian Symposium on Advanced Database Systems (SEBD 2009)}},
	Year = {2009}}

@proceedings{zz-SETN2004,
	Booktitle = {{Proc. 3rd Helenic Conference on AI -- Methods and Applications of Artificial Intelligence (SETN 2004)}},
	Editor = {tVouros, G. A. and Panayiotopoulos, T.},
	Publisher = {{Lecture Notes in Computer Science (LNCS) 3025, Springer, Heidelberg, Germany}},
	Title = {{Proc. 3rd Helenic Conference on AI -- Methods and Applications of Artificial Intelligence (SETN 2004)}},
	Year = {2004}}

@proceedings{zz-SIGIR1986,
	Booktitle = {{Proc. 9th Annual International ACM SIGIR Conference on Research and Development in Information Retrieval (SIGIR 1986)}},
	Editor = {Rabitti, F.},
	Publisher = {{ACM Press, New York, USA}},
	Title = {{Proc. 9th Annual International ACM SIGIR Conference on Research and Development in Information Retrieval (SIGIR 1986)}},
	Year = {1986}}

@proceedings{zz-SIGIR1987,
	Booktitle = {{Proc. 10th Annual International ACM SIGIR Conference on Research and Development in Information Retrieval (SIGIR 1987)}},
	Editor = {Yu, C. T. and van Rijsbergen, C. J.},
	Publisher = {{ACM Press, New York, USA}},
	Title = {{Proc. 10th Annual International ACM SIGIR Conference on Research and Development in Information Retrieval (SIGIR 1987)}},
	Year = {1987}}

@proceedings{zz-SIGIR1988,
	Booktitle = {{Proc. 11th Annual International ACM SIGIR Conference on Research and Development in Information Retrieval (SIGIR 1988)}},
	Editor = {Chiaramella, Y.},
	Publisher = {{ACM Press, New York, USA}},
	Title = {{Proc. 11th Annual International ACM SIGIR Conference on Research and Development in Information Retrieval (SIGIR 1988)}},
	Year = {1988}}

@proceedings{zz-SIGIR1989,
	Booktitle = {{Proc. 12th Annual International ACM SIGIR Conference on Research and Development in Information Retrieval (SIGIR 1989)}},
	Editor = {Belkin, N. J. and van Rijsbergen, C. J.},
	Publisher = {{ACM Press, New York, USA}},
	Title = {{Proc. 12th Annual International ACM SIGIR Conference on Research and Development in Information Retrieval (SIGIR 1989)}},
	Year = {1989}}

@proceedings{zz-SIGIR1990,
	Booktitle = {{Proc. 13th Annual International ACM SIGIR Conference on Research and Development in Information Retrieval (SIGIR 1990)}},
	Editor = {Vidick, J.-L.},
	Publisher = {{ACM Press, New York, USA}},
	Title = {{Proc. 13th Annual International ACM SIGIR Conference on Research and Development in Information Retrieval (SIGIR 1990)}},
	Year = {1990}}

@proceedings{zz-SIGIR1991,
	Booktitle = {{Proc. 14th Annual International ACM SIGIR Conference on Research and Development in Information Retrieval (SIGIR 1991)}},
	Editor = {Fox, E. A.},
	Publisher = {{ACM Press, New York, USA}},
	Title = {{Proc. 14th Annual International ACM SIGIR Conference on Research and Development in Information Retrieval (SIGIR 1991)}},
	Year = {1991}}

@proceedings{zz-SIGIR1992,
	Booktitle = {{Proc. 15th Annual International ACM SIGIR Conference on Research and Development in Information Retrieval (SIGIR 1992)}},
	Editor = {Belkin, N. J. and Ingwersen, P. and Mark Pejtersen, A. and Fox, E. A.},
	Publisher = {{ACM Press, New York, USA}},
	Title = {{Proc. 15th Annual International ACM SIGIR Conference on Research and Development in Information Retrieval (SIGIR 1992)}},
	Year = {1992}}

@proceedings{zz-SIGIR1994,
	Booktitle = {{Proc. 17th Annual International ACM SIGIR Conference on Research and Development in Information Retrieval (SIGIR 1994)}},
	Editor = {Croft, W. B. and van Rijsbergen, C. J.},
	Publisher = {{Springer-Verlag, New York, USA}},
	Title = {{Proc. 17th Annual International ACM SIGIR Conference on Research and Development in Information Retrieval (SIGIR 1994)}},
	Year = {1994}}

@proceedings{zz-SIGIR1995,
	Booktitle = {{Proc. 18th Annual International ACM SIGIR Conference on Research and Development in Information Retrieval (SIGIR 1995)}},
	Editor = {Fox, E. A. and Ingwersen, P. and Fidel, R.},
	Publisher = {{ACM Press, New York, USA}},
	Title = {{Proc. 18th Annual International ACM SIGIR Conference on Research and Development in Information Retrieval (SIGIR 1995)}},
	Year = {1995}}

@proceedings{zz-SIGIR1996,
	Booktitle = {{Proc. 19th Annual International ACM SIGIR Conference on Research and Development in Information Retrieval (SIGIR 1996)}},
	Editor = {Frei, H. P. and Harman, D. and Scha{\"u}bie, P. and Wilkinson, R.},
	Publisher = {{ACM Press, New York, USA}},
	Title = {{Proc. 19th Annual International ACM SIGIR Conference on Research and Development in Information Retrieval (SIGIR 1996)}},
	Year = {1996}}

@proceedings{zz-SIGIR1997,
	Booktitle = {{Proc. 20th Annual International ACM SIGIR Conference on Research and Development in Information Retrieval (SIGIR 1997)}},
	Editor = {Belkin, N. J. and Narasimhalu, A. D. and Willett, P. and Hersh, W. and Can, F. and Voorhees, E.},
	Publisher = {{ACM Press, New York, USA}},
	Title = {{Proc. 20th Annual International ACM SIGIR Conference on Research and Development in Information Retrieval (SIGIR 1997)}},
	Year = {1997}}

@proceedings{zz-SIGIR1998,
	Booktitle = {{Proc. 21st Annual International ACM SIGIR Conference on Research and Development in Information Retrieval (SIGIR 1998)}},
	Editor = {Croft, W. B. and Moffat, A. and van Rijsbergen, C. J. and Wilkinson, R. and Zobel, J.},
	Publisher = {{ACM Press, New York, USA}},
	Title = {{Proc. 21st Annual International ACM SIGIR Conference on Research and Development in Information Retrieval (SIGIR 1998)}},
	Year = {1998}}

@proceedings{zz-SIGIR1999,
	Booktitle = {{Proc. 22nd Annual International ACM SIGIR Conference on Research and Development in Information Retrieval (SIGIR 1999)}},
	Editor = {Gey, F. and Hearst, M. and Tong, R.},
	Publisher = {{ACM Press, New York, USA}},
	Title = {{Proc. 22nd Annual International ACM SIGIR Conference on Research and Development in Information Retrieval (SIGIR 1999)}},
	Year = {1999}}

@proceedings{zz-SIGIR2000,
	Booktitle = {{Proc. 23rd Annual International ACM SIGIR Conference on Research and Development in Information Retrieval (SIGIR 2000)}},
	Editor = {Yannakoudakis, E. and Belkin, N. J. and Leong, M.-K. and Ingwersen, P.},
	Publisher = {{ACM Press, New York, USA}},
	Title = {{Proc. 23rd Annual International ACM SIGIR Conference on Research and Development in Information Retrieval (SIGIR 2000)}},
	Year = {2000}}

@proceedings{zz-SIGIR2001,
	Booktitle = {{Proc. 24th Annual International ACM SIGIR Conference on Research and Development in Information Retrieval (SIGIR 2001)}},
	Editor = {Kraft, D. H. and Croft, W. B. and Harper, D. J. and Zobel, J.},
	Publisher = {{ACM Press, New York, USA}},
	Title = {{Proc. 24th Annual International ACM SIGIR Conference on Research and Development in Information Retrieval (SIGIR 2001)}},
	Year = {2001}}

@proceedings{zz-SIGIR2002,
	Booktitle = {{Proc. 25th Annual International ACM SIGIR Conference on Research and Development in Information Retrieval (SIGIR 2002)}},
	Editor = {J{\"a}rvelin, K. and Beaulieu, M. and Baeza-Yates, R. and Hyon Myaeng, S.},
	Publisher = {{ACM Press, New York, USA}},
	Title = {{Proc. 25th Annual International ACM SIGIR Conference on Research and Development in Information Retrieval (SIGIR 2002)}},
	Year = {2002}}

@proceedings{zz-SIGIR2003,
	Booktitle = {{Proc. 26th Annual International ACM SIGIR Conference on Research and Development in Information Retrieval (SIGIR 2003)}},
	Editor = {Clarke, C. and Cormack, G. and Callan, J. and Hawking, D. and Smeaton, A.},
	Publisher = {{ACM Press, New York, USA}},
	Title = {{Proc. 26th Annual International ACM SIGIR Conference on Research and Development in Information Retrieval (SIGIR 2003)}},
	Year = {2003}}

@proceedings{zz-SIGIR2004,
	Booktitle = {{Proc. 27th Annual International ACM SIGIR Conference on Research and Development in Information Retrieval (SIGIR 2004)}},
	Editor = {Sanderson, M. and J{\"a}rvelin, K. and Allan, J. and Bruza, P.},
	Publisher = {{ACM Press, New York, USA}},
	Title = {{Proc. 27th Annual International ACM SIGIR Conference on Research and Development in Information Retrieval (SIGIR 2004)}},
	Year = {2004}}

@proceedings{zz-SIGIR2005,
	Booktitle = {{Proc. 28th Annual International ACM SIGIR Conference on Research and Development in Information Retrieval (SIGIR 2005)}},
	Editor = {Baeza-Yates, R. and Ziviani, N. and Marchionini, G. and Moffat, A. and Tait, J.},
	Publisher = {{ACM Press, New York, USA}},
	Title = {{Proc. 28th Annual International ACM SIGIR Conference on Research and Development in Information Retrieval (SIGIR 2005)}},
	Year = {2005}}

@proceedings{zz-SIGIR2006,
	Booktitle = {{Proc. 29th Annual International ACM SIGIR Conference on Research and Development in Information Retrieval (SIGIR 2006)}},
	Editor = {Efthimiadis, E. N. and Dumais, S. and Hawking, D. and J{\"a}rvelin, K.},
	Publisher = {{ACM Press, New York, USA}},
	Title = {{Proc. 29th Annual International ACM SIGIR Conference on Research and Development in Information Retrieval (SIGIR 2006)}},
	Year = {2006}}

@proceedings{zz-SIGIR2008,
	Booktitle = {{Proc. 31st Annual International ACM SIGIR Conference on Research and Development in Information Retrieval (SIGIR 2008)}},
	Date-Modified = {2008-09-01 05:32:49 +0200},
	Editor = {Chua, T.-S. and Leong, M.-K. and Oard, D. W. and Sebastiani, F.},
	Publisher = {{ACM Press, New York, USA}},
	Title = {{Proc. 31st Annual International ACM SIGIR Conference on Research and Development in Information Retrieval (SIGIR 2008)}},
	Year = {2008}}

@proceedings{zz-SIGMOD2001,
	Booktitle = {{Proc. ACM SIGMOD International Conference on Management of Data (SIGMOD 2001)}},
	Editor = {Sellis, T. and Mehrotra, S.},
	Publisher = {{ACM Press, New York, USA}},
	Title = {{Proc. ACM SIGMOD International Conference on Management of Data (SIGMOD 2001)}},
	Year = {2001}}

@proceedings{zz-SODA1997,
	Booktitle = {{Proc. 8th Annual ACM-SIAM Symposium on Discrete Algorithms (SODA 1997)}},
	Editor = {Saks, M.},
	Publisher = {{Society for Industrial and Applied Mathematics}},
	Title = {{Proc. 8th Annual ACM-SIAM Symposium on Discrete Algorithms (SODA 1997)}},
	Year = {1997}}

@proceedings{zz-SparckJones1981-Editor,
	Annote = {LabBD},
	Booktitle = {{Information Retrieval Experiment}},
	Editor = {Sp{\"a}rck Jones, K.},
	Publisher = {{Butterworths, London, United Kingdom}},
	Title = {{Information Retrieval Experiment}},
	Year = {1981}}

@proceedings{zz-SparckJonesWillet1997-Editor,
	Booktitle = {{Readings in Information Retrieval}},
	Editor = {Sp{\"a}rck Jones, K. and Willett, P.},
	Publisher = {{Morgan Kaufmann Publisher, Inc., San Francisco, CA, USA}},
	Title = {{Readings in Information Retrieval}},
	Year = {1997}}

@proceedings{zz-TREC1992,
	Booktitle = {{The First Text REtrieval Conference (TREC-1)}},
	Editor = {Harman, D. K.},
	Publisher = {{National Institute of Standards and Technology (NIST), Special Pubblication 500-207, Washington, USA. \url{http://trec.nist.gov/pubs/trec1/t1_proceedings.html} [last visited 2007, March 23]}},
	Title = {{The First Text REtrieval Conference (TREC-1)}},
	Year = {1992}}

@proceedings{zz-TREC1993,
	Booktitle = {{The Second Text REtrieval Conference (TREC-2)}},
	Editor = {Harman, D. K.},
	Publisher = {{National Institute of Standards and Technology (NIST), Special Pubblication 500-215, Washington, USA.}},
	Title = {{The Second Text REtrieval Conference (TREC-2)}},
	Year = {1993}}

@proceedings{zz-TREC1994,
	Booktitle = {{Overview of the Third Text REtrieval Conference (TREC-3) }},
	Editor = {Harman, D. K.},
	Publisher = {{National Institute of Standards and Technology (NIST), Special Pubblication 500-225, Washington, USA. \url{http://trec.nist.gov/pubs/trec3/t3_proceedings.html} [last visited 2007, March 23]}},
	Title = {{Overview of the Third Text REtrieval Conference (TREC-3) }},
	Year = {1994}}

@proceedings{zz-TREC1995,
	Booktitle = {{The Fourth Text REtrieval Conference (TREC-4)}},
	Editor = {Harman, D. K.},
	Publisher = {{National Institute of Standards and Technology (NIST), Special Pubblication 500-236, Washington, USA. \url{http://trec.nist.gov/pubs/trec4/t4_proceedings.html} [last visited 2007, March 23]}},
	Title = {{The Fourth Text REtrieval Conference (TREC-4)}},
	Year = {1995}}

@proceedings{zz-TREC1996,
	Booktitle = {{The Fifth Text REtrieval Conference (TREC-5) }},
	Editor = {Voorhees, E. M. and Harman, D. K.},
	Publisher = {{National Institute of Standards and Technology (NIST), Special Pubblication 500-238, Washington, USA. {\url{http://trec.nist.gov/pubs/trec5/t5_proceedings.html} [last visited 2007, March 23]}}},
	Title = {{The Fifth Text REtrieval Conference (TREC-5) }},
	Year = {1996}}

@proceedings{zz-TREC1997,
	Booktitle = {{The Sixth Text REtrieval Conference (TREC-6)}},
	Editor = {Voorhees, E. M. and Harman, D. K.},
	Publisher = {{National Institute of Standards and Technology (NIST), Special Pubblication 500-240, Washington, USA. {\url{http://trec.nist.gov/pubs/trec6/t6_proceedings.html} [last visited 2007, March 23]}}},
	Title = {{The Sixth Text REtrieval Conference (TREC-6)}},
	Year = {1997}}

@proceedings{zz-TREC1998,
	Booktitle = {{The Seventh Text REtrieval Conference (TREC-7)}},
	Date-Modified = {2012-04-15 18:02:26 +0200},
	Editor = {Voorhees, E. M. and Harman, D. K.},
	Publisher = {{National Institute of Standards and Technology (NIST), Special Pubblication 500-242, Washington, USA. {\url{http://trec.nist.gov/pubs/trec7/t7_proceedings.html}}}},
	Title = {{The Seventh Text REtrieval Conference (TREC-7)}},
	Year = {1998}}

@proceedings{zz-TREC1999,
	Booktitle = {{The Eighth Text REtrieval Conference (TREC-8)}},
	Date-Modified = {2019-02-19 12:25:05 +0100},
	Editor = {Voorhees, E. M. and Harman, D. K.},
	Publisher = {{National Institute of Standards and Technology (NIST), Special Publication 500-246, Washington, USA.}},
	Title = {{The Eighth Text REtrieval Conference (TREC-8)}},
	Year = {1999}}

@proceedings{zz-TREC2000,
	Booktitle = {{The Ninth Text REtrieval Conference (TREC-9)}},
	Editor = {Voorhees, E. M. and Harman, D. K.},
	Publisher = {{National Institute of Standards and Technology (NIST), Special Pubblication 500-249, Washington, USA. {\url{http://trec.nist.gov/pubs/trec9/t9_proceedings.html} [last visited 2007, March 23]}}},
	Title = {{The Ninth Text REtrieval Conference (TREC-9)}},
	Year = {2000}}

@proceedings{zz-TREC2001,
	Booktitle = {{The Tenth Text REtrieval Conference (TREC 2001) }},
	Editor = {Voorhees, E. M. and Harman, D. K.},
	Publisher = {{National Institute of Standards and Technology (NIST), Special Pubblication 500-250, Washington, USA. {\url{http://trec.nist.gov/pubs/trec10/t10_proceedings.html} [last visited 2007, March 23]}}},
	Title = {{The Tenth Text REtrieval Conference (TREC 2001) }},
	Year = {2001}}

@proceedings{zz-TREC2002,
	Booktitle = {{The Eleventh Text REtrieval Conference (TREC 2002) }},
	Editor = {Voorhees, E. M. and Buckland, L. P.},
	Publisher = {{National Institute of Standards and Technology (NIST), Special Pubblication 500-251, Washington, USA. {\url{http://trec.nist.gov/pubs/trec11/t11_proceedings.html} [last visited 2007, March 23]}}},
	Title = {{The Eleventh Text REtrieval Conference (TREC 2002) }},
	Year = {2002}}

@proceedings{zz-TREC2003,
	Booktitle = {{The Twelfth Text REtrieval Conference (TREC 2003)}},
	Editor = {Voorhees, E. M. and Buckland, L. P.},
	Publisher = {{National Institute of Standards and Technology (NIST), Special Pubblication 500-255, Washington, USA. {\url{http://trec.nist.gov/pubs/trec12/t12_proceedings.html} [last visited 2007, March 23]}}},
	Title = {{The Twelfth Text REtrieval Conference (TREC 2003)}},
	Year = {2003}}

@proceedings{zz-TREC2004,
	Booktitle = {{The Thirteenth Text REtrieval Conference Proceedings (TREC 2004)}},
	Editor = {Voorhees, E. M. and Buckland, L. P.},
	Publisher = {{National Institute of Standards and Technology (NIST), Special Pubblication 500-261, Washington, USA. {\url{http://trec.nist.gov/pubs/trec13/t13_proceedings.html} [last visited 2007, March 23]}}},
	Title = {{The Thirteenth Text REtrieval Conference Proceedings (TREC 2004)}},
	Year = {2004}}

@proceedings{zz-TREC2005,
	Booktitle = {{The Fourteenth Text REtrieval Conference Proceedings (TREC 2005)}},
	Editor = {Voorhees, E. M. and Buckland, L. P.},
	Publisher = {{National Institute of Standards and Technology (NIST), Special Pubblication 500-266, Washington, USA. \url{http://trec.nist.gov/pubs/trec14/t14_proceedings.html} [last visited 2007, March 23]}},
	Title = {{The Fourteenth Text REtrieval Conference Proceedings (TREC 2005)}},
	Year = {2005}}

@proceedings{zz-TREC2006,
	Booktitle = {{The Fifteenth Text REtrieval Conference Proceedings (TREC 2006)}},
	Editor = {Voorhees, E. M. and Buckland, L. P.},
	Month = {October},
	Publisher = {{National Institute of Standards and Technology (NIST), Special Pubblication 500-272, Washington, USA. \url{http://trec.nist.gov/pubs/trec15/t15_proceedings.html} [last visited 2007, December 10]}},
	Title = {{The Fifteenth Text REtrieval Conference Proceedings (TREC 2006)}},
	Year = {2007}}

@proceedings{zz-TREC2007,
	Booktitle = {{The Sixteenth Text REtrieval Conference Proceedings (TREC 2007)}},
	Editor = {Voorhees, E. M. and Buckland, L. P.},
	Month = {February},
	Publisher = {{National Institute of Standards and Technology (NIST), Special Pubblication 500-274, Washington, USA. \url{http://trec.nist.gov/pubs/trec16/t16_proceedings.html} [last visited 2008, February 25]}},
	Title = {{The Sixteenth Text REtrieval Conference Proceedings (TREC 2007)}},
	Year = {2008}}

@proceedings{zz-VLDB2004,
	Booktitle = {{Proc. 30th International Conference on Very Large Data Bases (VLDB 2004)}},
	Editor = {Nascimento, M. A. and {\"O}zsu, M. T. and Kossmann, D. and Miller, R. J. and Blakeley, J. A. and Schiefer, K. B.},
	Publisher = {Morgan Kaufmann},
	Title = {{Proc. 30th International Conference on Very Large Data Bases (VLDB 2004)}},
	Year = {2004}}

@proceedings{zz-VMDL2007,
	Booktitle = {{Proc. International Workshop on Visual and Multimedia Digital Libraries (WMDL 2007)}},
	Editor = {del Bimbo, A. and Cucchiara, R. and Boujemaa, N.},
	Publisher = {{IEEE Computer Society, Los Alamitos, CA, USA}},
	Title = {{Proc. International Workshop on Visual and Multimedia Digital Libraries (WMDL 2007)}},
	Year = {2007}}

@proceedings{zz-WIRD2004,
	Booktitle = {{Proc. 3rd XML and Information Retrieval Workshop and the 1st Workshop on the Integration of Information Retrieval and Databases (WIRD2004)}},
	Editor = {Baeza-Yates, R. and Maarek, Y. and Roelleke, T. and de Vries, A. P.},
	Publisher = {{\url{http://homepages.cwi.nl/~arjen/wird04/wird04-proceedings.pdf} [last visited 2007, March 23]}},
	Title = {{Proc. 3rd XML and Information Retrieval Workshop and the 1st Workshop on the Integration of Information Retrieval and Databases (WIRD 2004)}},
	Year = {2004}}

@proceedings{zz-WWW2001,
	Booktitle = {{Proc. 10th International Conference on World Wide Web (WWW 2001)}},
	Editor = {Shen, V. Y. and Saito, N. and Lyu, M. R. and Zurko, M. E.},
	Publisher = {{ACM Press, New York, USA}},
	Title = {{Proc. 10th International Conference on World Wide Web (WWW 2001)}},
	Year = {2001}}

@proceedings{zz-WWW2002,
	Booktitle = {{Proc. 11th International Conference on World Wide Web (WWW 2002)}},
	Editor = {Lassner, D. and De Roure, D. and Iyengar, A.},
	Publisher = {{ACM Press, New York, USA}},
	Title = {{Proc. 11th International Conference on World Wide Web (WWW 2002)}},
	Year = {2002}}

@proceedings{zz-IIiX2012,
	Booktitle = {{Proc. 4th Symposium on Information Interaction in Context (IIiX 2012)}},
	Date-Modified = {2012-06-14 10:31:15 +0000},
	Editor = {Kamps, J. and Kraaij, W. and Fuhr, N.},
	Publisher = {{ACM Press, New York, USA}},
	Title = {{Proc. 4th Symposium on Information Interaction in Context (IIiX 2012)}},
	Year = {2012}}

@proceedings{zz-WWW2004,
	Booktitle = {{Proc. 13th International Conference on World Wide Web (WWW 2004)}},
	Editor = {Feldman, S. and Uretsky, M. and Najork, M. and Wills, C.},
	Publisher = {{ACM Press, New York, USA}},
	Title = {{Proc. 13th International Conference on World Wide Web (WWW 2004)}},
	Year = {2004}}
